806 1298
188 101 225 119 614
262 100 326 119 Consx
340 100 461 118 Avocnwm-ius
476 100 524 118 Now
538 99 663 119 Ten-Ausum.

188 150 205 165 et
212 147 317 165 Sanctorum
323 153 395 171 quorum
399 146 451 170 festa
457 147 573 169 celebrantur,
580 148 688 171 compotum
700 154 746 172 quoe

185 172 262 196 populun
270 172 342 190 reiterat
351 171 433 190 canendo.

213 197 306 214 SAcsanos
321 202 382 214 men-z
400 196 452 216 Quos
469 196 539 214 vocasn
557 197 642 218 Domine,
658 199 678 215 et
691 203 744 221 quos

188 221 311 243 sanctificasti,
325 221 429 245 portionem
445 221 468 239 da
483 221 508 239 eis
523 221 541 239 in
557 221 654 240 vocatione
667 225 706 243 tua,
721 225 744 240 et

187 245 267 264 fortifica
276 252 307 264 eos
317 246 335 264 in
344 252 406 264 amore
414 248 454 267 tuo,
463 248 482 264 et
490 246 562 264 custodi
569 246 588 264 in
595 246 744 265 sanctificatione

188 273 220 289 tua
234 277 266 295 per
280 270 374 289 Christum
387 271 463 288 unicum
475 271 540 289 Filium
553 274 612 293 tuum,
624 271 654 289 cui
667 273 686 289 et
698 271 743 290 Tibi

189 301 231 313 cum
240 301 269 317 eo,
278 298 296 313 et
305 301 347 313 cum
360 298 424 313 sancto
437 295 511 319 Spiritu,
519 295 578 319 gloria
586 298 605 313 et
613 295 680 317 honor,
689 302 742 314 nunc

189 322 208 338 et
218 326 297 344 semper,
306 322 325 338 et
333 320 352 338 in
364 320 432 338 saecula
443 320 560 342 saeculorum,
569 321 634 338 Amen.
660 320 742 339 Domine

189 345 220 368 qui
234 347 324 363 aetemum
336 345 398 363 lumen
410 345 453 362 vitae
465 347 484 362 et
495 344 621 363 fortitudinem
634 346 691 364 servis
703 346 742 364 tuis

189 369 272 391 tribuisti,
280 372 298 387 et
305 375 337 388 eos
344 369 457 387 custodivisti
465 369 548 393 pluribus
555 369 618 388 diebus
625 376 646 388 ac
654 370 742 388 noctibus

189 394 286 418 praeteritis
297 394 316 412 in
328 400 380 418 pace,
388 393 465 412 benedic
476 394 501 412 eis
513 394 568 412 etiam
579 394 598 412 in
610 394 645 412 hac
657 395 687 413 die
698 397 743 419 post

189 419 290 437 Dominum
299 421 382 437 nostrum
391 419 402 437 J
404 424 455 437 esum
465 418 565 441 Christum,
574 419 610 441 cui,
618 421 637 437 et
645 419 687 438 Tibi
696 426 740 438 curn

189 450 218 465 eo,
226 446 245 462 et
253 446 317 462 sancto
324 444 398 468 Spiritu,
405 443 464 467 gloria
472 445 491 461 et
498 443 565 465 honor,
573 450 628 466 nunc,
635 447 655 462 et
661 450 741 469 semper,

189 469 235 487 etin
243 468 312 487 saecula
320 468 437 489 saeculorum,
447 468 512 487 Amen.

214 493 309 512 Dmcmws
318 499 378 511 mcrr:
392 493 465 511 Gratias
497 499 549 511 amus
557 493 643 515 Domino,
651 494 741 512 Sanctum

190 518 229 542 ejus
246 518 362 542 sumpsimus,
379 517 451 535 medela
508 517 636 536 vivificandam
655 519 740 537 animam.

190 542 294 561 Laudemus
314 543 414 560 Dominum
433 542 493 560 Deum
511 544 607 564 nostruxm
629 543 741 567 sumpsimus

189 570 274 586 sanctum
283 573 356 591 corpus,
365 569 384 585 et
395 567 520 585 venerandum
532 567 650 591 sanguinem:
667 568 703 586 hoc
712 570 741 586 est

190 598 256 616 corpus
274 592 347 610 Christi
373 592 397 610 Et
414 591 481 615 gratias
496 592 512 610 ei
527 598 610 616 agamus,
624 593 674 616 quod
691 592 741 617 digni

189 616 278 635 fuen'mus
296 616 405 641 participare
422 616 445 634 de
462 616 498 634 hoc
517 617 620 635 venerando
637 619 656 635 et
676 620 741 636 sancto

189 641 282 666 mysterio.

215 667 309 685 Sicanos
321 672 381 685 men-2
400 666 492 684 Exaltaho
505 668 525 685 te
538 666 579 684 Rex
593 672 646 685 meus
659 669 678 685 et
690 667 741 686 Deus

190 697 249 713 meus,
261 693 281 709 et
294 691 401 709 benedicam
415 691 484 709 nomini
499 693 532 709 tuo
545 691 565 709 in
580 691 674 713 saeculum,
690 694 708 710 et
721 692 740 710 in

190 716 279 734 saeculum
288 716 355 734 saeculi.

216 741 299 759 Porums
309 746 357 759 men·
369 746 416 758 Αιτᾼ
428 746 480 759 vocs.
506 741 561 759 Pater
572 744 635 759 noster
646 741 678 765 qui
689 747 709 759 es
721 741 740 759 in

190 765 248 787 coelis,
256 771 294 783 non
302 765 379 784 inducas
387 771 422 783 nos
431 765 509 783 Domine
518 765 537 783 in
545 766 671 784 tentationem.

216 790 310 808 SAcmznos
318 796 373 808 marr.
399 790 434 808 Per
443 790 524 814 singulos
534 790 573 808 dies
584 790 691 809 benedicam
703 791 740 813 tibi,

190 817 210 833 et
217 815 296 833 laudabo
305 821 374 833 nomen
382 816 435 833 tuum
443 814 462 833 in
471 814 560 833 saeculum
569 815 636 833 saeculi.

216 840 300 858 Popunus
309 845 378 857 manvu
385 845 446 857 mem-z
460 839 515 857 Pater
523 842 586 858 noster
592 840 624 863 qui
631 846 650 858 es
657 840 675 858 in
683 840 739 862 coelis,

190 870 228 882 non
237 864 313 882 inducas
322 870 356 882 nos
364 864 383 882 in
392 864 519 883 tentationem.

215 889 310 907 SAcsnnos
330 895 391 907 mort:
414 889 497 907 Laudem
517 889 591 907 Domini
611 889 699 913 loquetur
719 896 739 908 os

190 920 258 935 meum,
271 916 290 932 et
300 913 398 931 benedicet
409 913 468 931 omnis
480 919 523 932 caro
535 914 605 932 nomini
617 917 682 932 sancto
695 914 739 938 ejus,

189 939 208 957 in
217 938 305 957 saeculum
313 941 332 956 et
340 938 358 956 in
368 938 457 956 saeculum
466 938 534 956 saeculi.

216 963 297 981 Popuws
310 969 380 981 MERUM
392 969 452 981 merc:
470 963 524 981 Pater
532 965 601 984 noster,
611 963 643 981 sc.
652 966 672 982 ut
680 970 737 987 tuma.

215 988 308 1006 sicu-mos
321 993 380 1006 men-z
398 988 478 1006 Domine
491 988 593 1006 animarum
604 990 671 1010 rector,
683 988 739 1007 Sanc-
