806 1298
191 110 223 127 400
286 111 340 127 Cousx
353 111 458 127 Amenanus
470 111 513 128 Novi
524 111 630 128 'smmum-

216 154 288 172 sinistra
296 154 315 172 in
323 153 395 171 manica
404 153 531 172 collocaverat.
546 154 600 173 Tunc
609 154 672 173 Simon
682 154 742 177 indig-

217 181 278 200 natus,
287 178 338 203 quod
350 178 411 196 dicere
423 184 461 197 non
475 181 537 203 posset
550 182 642 198 secretum
654 178 741 203 apostoli,

217 203 326 222 exclamavit
343 203 414 225 dicetne,
429 206 440 213 “
447 203 552 222 Procedant
569 210 624 223 canes
637 204 704 228 magni,
721 206 742 222 et

217 228 307 247 devorent
326 235 368 247 eum
380 229 400 247 in
414 231 514 253 conspectu
534 229 623 251 Caesaris3
643 232 662 247 et
680 229 742 247 subito

199 257 203 264 ¹
218 256 342 278 apparuerunt
351 259 406 271 canes
417 254 468 272 mirae
480 254 615 278 magnitudinis,
624 256 643 272 et
651 254 741 278 impetum

217 278 302 298 fecerunt
308 279 325 296 in
334 278 414 296 Petrum.
440 279 505 297 Petrus
512 285 555 297 vero
565 279 666 297 extendens
675 284 742 296 manus

216 304 235 322 in
249 304 357 325 orationem,
370 303 452 321 ostendit
464 304 539 322 canibus
552 310 601 325 eum,
614 309 670 328 quem
685 303 743 321 bene-

217 328 289 346 dixerat
306 334 385 352 puuerm
399 334 462 352 quem,
474 331 495 346 ut
509 328 593 347 viderunt
606 335 667 350 canes,
680 328 742 346 subito

217 359 308 377 nusquam
323 355 472 377 comparuerunt.
497 353 551 372 Tunc
570 354 636 372 Petrus
654 353 700 371 dixit
717 352 742 371 ad

197 380 208 388 ¹·
217 378 317 399 Neronem,
340 378 409 396 “Ecce
430 378 501 396 ostendi
519 378 557 400 tibi,
574 377 629 397 scisse
650 384 681 396 me
698 378 744 401 quid

217 403 324 427 cogitaverit
337 403 407 424 Simon,
415 409 454 420 non
463 403 528 425 verbis,
537 403 570 422 sed
577 403 643 424 faactis3
657 408 700 421 nam
709 402 741 426 qui

217 427 292 452 angelos
306 428 414 452 promiserat
423 430 488 446 contra
496 434 525 446 me
535 434 574 446 esse
583 430 677 449 venturos,
686 433 742 446 cenes

216 452 306 474 exhibuit,
315 455 335 470 ut
348 458 367 470 se
379 453 485 471 ostenderet
494 459 532 471 non
540 453 611 471 divinos
619 453 701 477 angelos,
709 452 742 470 sed

216 478 291 496 caninos
306 477 388 495 habere.”
414 477 467 496 Tunc
482 478 532 496 Nero
546 478 570 496 ad
583 478 677 496 Simonem
690 477 742 499 dixit,

198 505 208 512 Ἀ
217 505 229 513 “
235 502 286 523 Quid
294 504 328 524 est,
337 502 400 520 Simon
408 503 415 520 ‘l
427 505 473 526 puto
480 503 523 521 victi
528 504 606 521 sumus.'¹
619 503 683 521 Simon
690 502 742 524 dixit,

216 530 228 538 ⁴‘
235 527 272 546 Hic
282 529 300 545 et
309 527 381 548 Judaea,
390 529 409 545 et
418 530 458 545 tota
466 527 570 549 Palaestina,
581 530 600 546 et
609 527 701 546 Caesaraea
706 527 741 545 ista

216 552 260 570 mihi
269 551 319 573 fecit,
328 554 347 570 et
356 557 405 576 saepe
414 558 487 570 mecum
493 552 587 574 certando,
592 552 633 571 ideo
640 552 690 574 dicit,
698 552 742 576 quia

216 577 252 595 hoc
266 577 282 594 ei
295 579 335 595 erat
347 577 472 598 contrarium;
486 583 515 595 me
528 583 572 601 ergo
584 580 605 596 ut
619 577 704 596 evaderet
715 577 742 595 di-

216 601 279 621 didicit
287 601 329 620 hoc.
355 601 448 626 Namque,
461 604 482 620 ut
494 602 538 624 dixi,
552 602 671 626 cogitationes
683 602 742 620 homi-

198 630 203 637 ¹
218 633 262 645 num
271 632 326 644 nemo
338 626 390 644 novit
403 626 436 644 nisi
449 633 498 645 unus
511 627 576 645 Deus.¹'
601 628 627 645 Et
639 627 704 645 Petrus
717 627 741 645 ad

217 652 310 670 Simonem
324 651 375 673 dixit,
395 654 407 662 “
416 652 470 670 Certe
484 652 544 670 Deum
557 658 597 671 esse
610 655 628 670 te
645 652 740 674 mentiris;

216 682 273 701 quare
278 682 321 700 ergo
325 682 363 694 non
369 676 475 695 manifestas
480 677 601 701 cogitationes
606 677 720 701 singulorum
725 678 742 695 2³

216 702 270 720 'Punc
277 707 376 719 conversus
386 701 436 719 Nero
442 701 466 720 ad
471 701 549 720 Paulum
558 702 583 720 sic
590 702 621 724 ait,
630 705 641 712 ‘⁴
648 702 678 720 Tu
685 708 743 726 quare

216 726 260 744 nihil
268 726 319 747 dicis,
326 726 398 744 Paule?
411 726 479 744 Paulus
485 726 537 748 dixit,
546 729 558 737 “
564 727 606 745 Hoc
613 727 665 749 scito,
672 727 741 749 Caessr,

198 754 209 762 ¹³
217 751 260 775 quia
268 751 283 769 si
290 751 378 769 dimiseris
385 751 440 769 istum
446 757 521 775 magum
526 754 579 770 tanta
585 758 645 775 agere,
652 758 740 776 magnum

215 776 285 794 malum
300 776 364 800 patriae
377 778 415 794 tuae
428 776 523 797 adcrescit,
539 779 558 794 et
572 783 650 801 regnum
663 779 716 795 tuum
728 783 740 795 a

215 803 265 819 statu
273 806 307 818 suo
316 800 403 824 dejiciet?
429 801 479 819 Nero
485 801 554 819 Simoni
561 801 612 823 dixit,
621 804 633 811 “
640 802 690 822 Quid
696 802 740 820 dieis

215 828 237 843 tu
249 826 312 843 Simon
318 826 335 843 'l’'
348 825 411 843 Simon
420 826 520 850 respondit,
529 829 540 836 “
546 826 587 850 Ego
597 827 630 844 nisi
639 833 669 844 me
678 829 740 851 aperte

216 851 366 869 demonstravero
374 850 434 868 Deum
441 856 487 872 esse,
492 857 547 869 nemo
553 851 597 869 mihi
604 852 740 870 venerationem

197 878 209 886 ³'
216 875 297 894 debitam
316 875 423 893 exhibebitfl
449 875 499 894 Nero
528 876 579 898 dixit,
605 879 616 886 ‘¹
624 877 648 894 Et
674 877 739 901 utquid

215 900 271 918 modo
285 900 367 921 m'orariS,
380 903 398 918 et
412 906 449 918 non
462 901 543 919 ostendis
556 903 574 919 te
589 901 648 919 Deum
662 908 707 923 esse,
719 904 739 920 ut

215 925 244 943 isti
257 925 357 949 puniantur
362 925 377 942 ἶν’
390 925 453 943 Simon
467 925 518 947 dixit,
532 928 543 935 ‘¹
551 926 561 944 J
564 926 599 944 ube
612 926 656 945 mihi
669 929 738 944 turrem

215 950 271 968 altam
284 949 324 968 fieri
337 955 360 967 ex
374 949 432 973 lignis,
445 952 464 968 et
477 951 575 969 ascendam
588 957 643 975 super
655 957 702 973 earu,
721 954 739 969 et

215 975 285 993 vocabo
295 974 369 998 angelos
378 981 436 996 meos,
445 977 464 993 et
476 976 582 1000 praecipiam
591 976 623 998 eis,
636 979 657 994 ut
669 976 739 994 cunetis

197 1002 208 1010 ¹⁵
217 1000 318 1018 videntibus
323 1000 341 1018 in
347 999 415 1018 coelum
424 999 517 1024 perferant
525 1006 556 1019 me
564 1001 588 1019 ad
596 1004 667 1025 patrem
673 1007 740 1020 meum-
