806 1298
177 109 209 125 468
271 108 326 125 Gonu
337 109 442 125 Asoonrmus
453 109 497 126 Novr
508 109 613 126 'smnus-rr.

203 152 269 177 angeli,
280 152 310 171 vel
321 151 410 174 homines,
420 151 453 170 sed
463 152 530 176 injuste
541 152 613 177 agendo
625 152 722 171 incurrisse

202 179 313 199 noscuntur3
326 177 418 201 prohibite¹
426 177 474 195 enim
483 183 494 195 a
501 177 580 196 Domino
589 183 651 196 servus
659 178 674 196 si
682 184 723 202 per-

202 203 306 228 petraverit,
315 205 334 221 et
339 202 390 227 jussa
399 208 435 221 non
445 202 514 224 iecerit,
520 202 569 227 juste
581 203 694 227 puniendum
702 209 722 222 se

203 234 242 247 esse
255 228 355 252 cognoscit,
368 227 455 252 quodque
468 234 525 252 quum
539 234 558 246 se
570 228 630 252 ipsum
642 234 677 252 pro
689 234 723 247 sua

190 256 195 263 ¹
202 253 344 278 praesumptione
352 252 479 275 humiliaverit,
485 255 503 271 et
510 259 533 271 ex
540 255 580 271 toto
587 253 641 271 corde
650 253 723 275 dixerit,

202 278 279 297 Peecavi
285 278 317 297 tibi
324 278 408 300 Domine,
414 278 498 296 miserere
504 278 545 300 mei,
551 278 635 296 subvenit
641 278 657 296 ei
664 278 722 303 pietas

203 303 282 325 Domini,
291 305 309 322 et
318 303 349 328 qui
357 309 390 327 per
396 303 484 327 justitiam
494 303 539 327 justi
545 303 611 327 judicis
619 303 722 328 puniendus

201 329 293 350 extiterat,
301 334 335 353 per
345 328 486 346 misericordiam
498 328 521 346 ad
529 328 661 352 indulgentiam
670 334 722 347 revo-

201 356 258 372 catur.
280 354 305 372 Er
318 360 329 372 o
336 355 357 372 ut
362 359 405 372 vere
413 355 432 371 te
438 355 554 377 peccatorem
563 353 654 375 ostendas,
661 354 721 372 Deum

182 380 194 389 ¹·
201 381 301 397 creatorem
305 359 391 400 zonam
405 378 484 397 honoras
492 380 554 397 autem
563 380 670 401 creatorem,
679 379 693 397 si
702 381 721 397 te

201 404 260 423 solum
266 403 373 428 culpaveris,
376 409 434 428 quum
439 403 535 428 delinquis,
540 406 559 422 et
563 409 601 422 non
607 403 722 428 adscripseris

202 429 284 448 Creatori
292 435 348 453 quum
360 434 436 453 peccam
449 430 471 447 ut
479 434 503 447 ex
511 428 562 447 omni
572 432 624 453 parte
635 431 668 447 tua
675 435 722 454 prae-

201 454 324 479 sumptionem
337 459 409 478 arguas,
422 459 460 472 non
473 453 500 472 tui
513 453 595 478 queraris
609 460 665 478 opera
678 460 722 473 con-

201 479 269 498 ditoris.
294 479 313 497 Si
325 479 375 497 enim
386 484 429 497 vete
442 481 461 497 te
472 478 594 503 negligentem
607 479 721 498 accusaveris

182 507 194 515 ¹·
201 505 344 529 delinquentem,
365 504 389 522 ad
412 510 474 522 verum
497 504 566 528 poteris
589 504 721 528 indulgentiam

200 530 300 555 pervenire.
326 529 374 547 Haec
387 528 449 547 Leucii
464 534 519 547 eflusa
531 529 676 551 memoraverim,
689 529 721 554 qui

199 554 295 573 mendacio
301 554 367 583 plenus
372 553 464 578 apostolos
470 553 543 572 Domini
549 554 625 572 asseruit
631 554 721 577 docuisse,

200 580 237 598 duo
249 579 336 604 principia
346 579 424 597 hominis
435 579 522 600 extitisse,
530 581 552 597 ut
563 579 642 597 animam
651 585 662 597 a
670 579 720 598 bono

200 605 241 624 Deo
253 604 327 626 edita-m,
337 610 411 623 carnem
422 609 434 622 a
445 603 501 626 malo,
511 606 530 622 et
541 604 649 622 necessitate
660 605 720 623 carnis

182 633 194 641 ¹⁰
201 630 281 648 animam
289 629 357 648 involvi
364 629 450 654 peccatis.
468 628 524 649 Quod
531 629 545 647 si
552 629 577 647 ita
584 631 637 652 esset,
643 629 674 654 qui
682 636 720 648 non

199 657 265 680 peccat
273 655 348 673 omnino
356 660 394 673 non
402 654 482 676 viveret;
496 654 521 673 sic
530 654 606 678 quinon
614 655 719 677 manducat,

199 683 232 699 aut.
239 686 278 699 non
286 680 337 702 bibit,
345 681 377 698 aut
385 685 423 698 non
432 679 503 704 digerit,
511 682 543 698 sut
551 685 589 698 non
598 679 671 702 dormit,
680 680 719 699 sine

199 705 255 724 dubio
263 705 324 724 vivere
332 710 370 723 non
377 706 443 729 potest.
469 704 499 723 Im
505 707 523 723 et
530 705 562 728 qui
568 710 606 723 non
612 704 719 727 fornicatur,

199 733 232 749 aut
239 730 271 755 qui
279 736 317 748 non
326 729 381 752 videt,
389 731 422 748 aut
430 729 462 753 qui
470 735 508 748 non
516 729 593 751 furatur,
600 732 633 748 aut
641 730 673 754 qui
681 736 719 749 non

180 758 193 767 ’⁸
200 755 268 780 aliquid
276 755 344 774 crimen
353 754 439 776 admittit,
447 760 485 773 non
492 760 547 779 posse
559 755 619 773 vivere
629 758 720 773 monstra,-

197 783 253 800 retur.
279 781 304 799 At
311 786 355 799 vero
364 786 422 804 quum
430 779 519 798 doccatur
526 779 583 798 homo
593 780 632 798 sine
640 779 719 799 fornica-

198 806 248 824 tione
264 805 332 827 vivere,
350 805 381 829 qui
400 805 439 823 sine
457 804 513 826 victu,
530 807 550 823 et
567 805 640 827 vestitu,
657 805 718 824 vivere

197 837 236 849 non
255 832 322 855 potest,
339 832 411 849 constat
427 836 470 848 eum
486 830 512 848 ita
531 830 625 848 conditum
642 836 653 848 a
669 830 718 849 bono

199 856 292 878 creatore,
300 857 322 874 ut
330 855 369 874 sine
380 855 485 873 criminibus
495 855 569 877 viveret,
581 861 637 879 quum
648 855 717 880 absque

179 884 192 892 '¹
199 881 288 900 alimoniis
303 886 340 899 non
354 880 412 905 possit
427 880 502 898 omnino
519 883 608 899 constare.
634 881 717 905 Denique

198 906 281 925 clausum
296 911 375 927 carcere,
387 907 459 923 tentum
471 905 490 923 in
506 905 588 927 vinculis,
601 905 717 929 deportatum

198 931 258 953 exitio,
274 931 343 955 absque
363 930 467 949 criminibus
487 930 547 949 vivere
566 936 621 955 posse
640 936 717 955 cognos-

198 957 262 978 cimus,
273 962 331 980 quum
343 955 412 980 absque
425 955 472 977 cibo,
484 957 503 973 ct
514 957 567 980 potu,
578 957 597 974 et
610 955 716 980 digestione,

197 984 216 1001 et
224 987 289 1000 somno
298 987 334 999 non
344 986 397 1005 posse
406 980 466 999 vivere
474 980 609 1005 comprobetur.

179 1009 191 1021 ⁵·
223 1006 259 1025 His
270 1006 335 1031 agnitis
346 1005 369 1024 sd
380 1006 428 1024 besti
440 1005 517 1024 Joannis
528 1005 651 1030 Evangeiistae
664 1008 716 1025 actus
