<?xml version="1.0" encoding="UTF-8"?>
<!DOCTYPE html PUBLIC "-//W3C//DTD XHTML 1.0 Transitional//EN"
    "http://www.w3.org/TR/xhtml1/DTD/xhtml1-transitional.dtd">
<html xmlns="http://www.w3.org/1999/xhtml" xml:lang="en" lang="en">
 <head>
  <title>
</title>
<meta http-equiv="Content-Type" content="text/html;charset=utf-8" />
  <meta name='ocr-system' content='tesseract 3.04.00' />
  <meta name='ocr-capabilities' content='ocr_page ocr_carea ocr_par ocr_line ocrx_word'/>
</head>
<body>
  <div class='ocr_page' id='page_1' title='image "./codexapocryphus01gilegoog_0103.png"; bbox 0 0 806 1298; ppageno 0'>
   <div class='ocr_carea' id='block_1_1' title="bbox 151 101 627 120">
    <p class='ocr_par' dir='ltr' id='par_1_1' title="bbox 151 101 627 120">
     <span class='ocr_line' id='line_1_1' title="bbox 151 101 627 120; baseline 0 -1"><span class='ocrx_word' id='word_1_1' title='bbox 151 101 187 120; x_wconf 83' lang='lat'>548</span> <span class='ocrx_word' id='word_1_2' title='bbox 226 101 291 119; x_wconf 74' lang='lat' dir='ltr'>Coonx</span> <span class='ocrx_word' id='word_1_3' title='bbox 304 101 426 119; x_wconf 65' lang='lat' dir='ltr'>Apocmmius</span> <span class='ocrx_word' id='word_1_4' title='bbox 440 101 489 119; x_wconf 86' lang='lat' dir='ltr'>Nov1</span> <span class='ocrx_word' id='word_1_5' title='bbox 502 101 627 119; x_wconf 71' lang='grc' dir='ltr'>ΤΕετΛΜΕΝτι.</span> 
     </span>
    </p>
   </div>
   <div class='ocr_carea' id='block_1_2' title="bbox 152 146 708 560">
    <p class='ocr_par' dir='ltr' id='par_1_2' title="bbox 152 146 707 363">
     <span class='ocr_line' id='line_1_2' title="bbox 152 146 706 171; baseline 0 -7"><span class='ocrx_word' id='word_1_6' title='bbox 152 147 258 171; x_wconf 83' lang='lat' dir='ltr'>byterorum</span> <span class='ocrx_word' id='word_1_7' title='bbox 272 153 347 170; x_wconf 89' lang='lat' dir='ltr'>quoque</span> <span class='ocrx_word' id='word_1_8' title='bbox 359 149 378 164; x_wconf 89' lang='lat' dir='ltr'>et</span> <span class='ocrx_word' id='word_1_9' title='bbox 390 147 521 168; x_wconf 74' lang='lat' dir='ltr'>Diaconorum,</span> <span class='ocrx_word' id='word_1_10' title='bbox 533 149 551 164; x_wconf 90' lang='lat' dir='ltr'>et</span> <span class='ocrx_word' id='word_1_11' title='bbox 564 146 620 164; x_wconf 83' lang='lat' dir='ltr'>totius</span> <span class='ocrx_word' id='word_1_12' title='bbox 632 146 706 164; x_wconf 87' lang='lat' dir='ltr'>Ordinis</span> 
     </span>
     <span class='ocr_line' id='line_1_3' title="bbox 152 171 706 195; baseline 0 -6"><span class='ocrx_word' id='word_1_13' title='bbox 152 171 287 189; x_wconf 80' lang='lat' dir='ltr'>Ecclesiastici:</span> <span class='ocrx_word' id='word_1_14' title='bbox 305 177 347 191; x_wconf 84' lang='lat' dir='ltr'>cum</span> <span class='ocrx_word' id='word_1_15' title='bbox 360 171 466 189; x_wconf 75' lang='lat' dir='ltr'>infimitate</span> <span class='ocrx_word' id='word_1_16' title='bbox 479 177 525 189; x_wconf 81' lang='lat' dir='ltr'>mea.</span> <span class='ocrx_word' id='word_1_17' title='bbox 552 171 630 189; x_wconf 74' lang='lat' dir='ltr'>Peccata</span> <span class='ocrx_word' id='word_1_18' title='bbox 639 171 706 195; x_wconf 80' lang='lat' dir='ltr'>juven-</span> 
     </span>
     <span class='ocr_line' id='line_1_4' title="bbox 152 196 706 217; baseline 0 -3"><span class='ocrx_word' id='word_1_19' title='bbox 152 196 196 214; x_wconf 81' lang='lat' dir='ltr'>tutis</span> <span class='ocrx_word' id='word_1_20' title='bbox 210 202 256 214; x_wconf 73' lang='lat' dir='ltr'>mene</span> <span class='ocrx_word' id='word_1_21' title='bbox 270 202 294 213; x_wconf 90' lang='lat' dir='ltr'>ne</span> <span class='ocrx_word' id='word_1_22' title='bbox 307 196 411 214; x_wconf 84' lang='lat' dir='ltr'>memineris</span> <span class='ocrx_word' id='word_1_23' title='bbox 426 196 476 217; x_wconf 87' lang='lat' dir='ltr'>mihi,</span> <span class='ocrx_word' id='word_1_24' title='bbox 489 196 521 214; x_wconf 85' lang='lat' dir='ltr'>sed</span> <span class='ocrx_word' id='word_1_25' title='bbox 535 196 636 214; x_wconf 80' lang='lat' dir='ltr'>secundum</span> <span class='ocrx_word' id='word_1_26' title='bbox 652 196 706 213; x_wconf 78' lang='lat' dir='ltr'>mise-</span> 
     </span>
     <span class='ocr_line' id='line_1_5' title="bbox 152 220 706 244; baseline 0 -6"><span class='ocrx_word' id='word_1_27' title='bbox 152 221 249 239; x_wconf 79' lang='lat' dir='ltr'>ricordiam</span> <span class='ocrx_word' id='word_1_28' title='bbox 273 224 324 238; x_wconf 84' lang='lat' dir='ltr'>tuam</span> <span class='ocrx_word' id='word_1_29' title='bbox 349 220 421 239; x_wconf 77' lang='lat' dir='ltr'>vivifica</span> <span class='ocrx_word' id='word_1_30' title='bbox 441 227 476 238; x_wconf 87' lang='lat' dir='ltr'>rne.</span> <span class='ocrx_word' id='word_1_31' title='bbox 511 221 607 239; x_wconf 80' lang='lat' dir='ltr'>Memento</span> <span class='ocrx_word' id='word_1_32' title='bbox 629 227 706 244; x_wconf 85' lang='lat' dir='ltr'>quoque</span> 
     </span>
     <span class='ocr_line' id='line_1_6' title="bbox 152 245 706 269; baseline 0 -6"><span class='ocrx_word' id='word_1_33' title='bbox 152 245 230 264; x_wconf 75' lang='lat' dir='ltr'>fratrum</span> <span class='ocrx_word' id='word_1_34' title='bbox 239 248 344 263; x_wconf 77' lang='lat' dir='ltr'>nostrorum</span> <span class='ocrx_word' id='word_1_35' title='bbox 355 245 475 269; x_wconf 81' lang='lat' dir='ltr'>captivorum,</span> <span class='ocrx_word' id='word_1_36' title='bbox 484 245 606 266; x_wconf 78' lang='lat' dir='ltr'>infirmorum,</span> <span class='ocrx_word' id='word_1_37' title='bbox 615 245 706 269; x_wconf 78' lang='lat' dir='ltr'>variisque</span> 
     </span>
     <span class='ocr_line' id='line_1_7' title="bbox 153 270 707 293; baseline -0.002 -5"><span class='ocrx_word' id='word_1_38' title='bbox 153 270 234 288; x_wconf 87' lang='lat' dir='ltr'>moribus</span> <span class='ocrx_word' id='word_1_39' title='bbox 242 270 372 291; x_wconf 73' lang='lat' dir='ltr'>laborantium,</span> <span class='ocrx_word' id='word_1_40' title='bbox 382 272 400 288; x_wconf 85' lang='lat' dir='ltr'>et</span> <span class='ocrx_word' id='word_1_41' title='bbox 409 276 473 288; x_wconf 84' lang='lat' dir='ltr'>eorum</span> <span class='ocrx_word' id='word_1_42' title='bbox 486 270 517 293; x_wconf 86' lang='lat' dir='ltr'>qui</span> <span class='ocrx_word' id='word_1_43' title='bbox 526 276 537 287; x_wconf 81' lang='lat' dir='ltr'>a</span> <span class='ocrx_word' id='word_1_44' title='bbox 545 270 629 293; x_wconf 81' lang='lat' dir='ltr'>malignis</span> <span class='ocrx_word' id='word_1_45' title='bbox 641 270 707 293; x_wconf 79' lang='lat' dir='ltr'>spiriti-</span> 
     </span>
     <span class='ocr_line' id='line_1_8' title="bbox 154 294 707 318; baseline 0 -6"><span class='ocrx_word' id='word_1_46' title='bbox 154 295 188 313; x_wconf 87' lang='lat' dir='ltr'>bus</span> <span class='ocrx_word' id='word_1_47' title='bbox 199 294 314 313; x_wconf 79' lang='lat' dir='ltr'>infestantur.</span> <span class='ocrx_word' id='word_1_48' title='bbox 340 295 384 312; x_wconf 85' lang='lat' dir='ltr'>Aeri</span> <span class='ocrx_word' id='word_1_49' title='bbox 395 300 470 318; x_wconf 87' lang='lat' dir='ltr'>quoque</span> <span class='ocrx_word' id='word_1_50' title='bbox 479 297 498 312; x_wconf 90' lang='lat' dir='ltr'>et</span> <span class='ocrx_word' id='word_1_51' title='bbox 508 300 583 313; x_wconf 82' lang='lat' dir='ltr'>coronae</span> <span class='ocrx_word' id='word_1_52' title='bbox 596 294 640 312; x_wconf 76' lang='lat' dir='ltr'>anni</span> <span class='ocrx_word' id='word_1_53' title='bbox 651 294 707 312; x_wconf 82' lang='lat' dir='ltr'>bene—</span> 
     </span>
     <span class='ocr_line' id='line_1_9' title="bbox 154 319 707 344; baseline 0 -7"><span class='ocrx_word' id='word_1_54' title='bbox 154 319 216 341; x_wconf 81' lang='lat' dir='ltr'>dicito,</span> <span class='ocrx_word' id='word_1_55' title='bbox 223 319 321 344; x_wconf 81' lang='lat' dir='ltr'>perficiens</span> <span class='ocrx_word' id='word_1_56' title='bbox 329 319 397 337; x_wconf 85' lang='lat' dir='ltr'>bonam</span> <span class='ocrx_word' id='word_1_57' title='bbox 408 319 522 338; x_wconf 75' lang='lat' dir='ltr'>voluntatem</span> <span class='ocrx_word' id='word_1_58' title='bbox 531 321 589 341; x_wconf 76' lang='lat' dir='ltr'>tuam,</span> <span class='ocrx_word' id='word_1_59' title='bbox 598 325 642 343; x_wconf 77' lang='lat' dir='ltr'>erga</span> <span class='ocrx_word' id='word_1_60' title='bbox 650 325 707 337; x_wconf 90' lang='lat' dir='ltr'>omne</span> 
     </span>
     <span class='ocr_line' id='line_1_10' title="bbox 155 350 223 363; baseline 0 -1"><span class='ocrx_word' id='word_1_61' title='bbox 155 350 223 363; x_wconf 78' lang='lat' dir='ltr'>Vlvens.</span> 
     </span>
    </p>

    <p class='ocr_par' dir='ltr' id='par_1_3' title="bbox 154 369 706 442">
     <span class='ocr_line' id='line_1_11' title="bbox 180 369 706 391; baseline 0 -4"><span class='ocrx_word' id='word_1_62' title='bbox 180 369 265 387; x_wconf 63' lang='lat' dir='ltr'>Erimus</span> <span class='ocrx_word' id='word_1_63' title='bbox 277 375 343 387; x_wconf 68' lang='lat' dir='ltr'>vocem.</span> <span class='ocrx_word' id='word_1_64' title='bbox 369 369 394 387; x_wconf 86' lang='lat' dir='ltr'>Et</span> <span class='ocrx_word' id='word_1_65' title='bbox 405 369 462 387; x_wconf 80' lang='lat' dir='ltr'>libera</span> <span class='ocrx_word' id='word_1_66' title='bbox 472 375 512 390; x_wconf 84' lang='lat' dir='ltr'>nos,</span> <span class='ocrx_word' id='word_1_67' title='bbox 522 369 611 391; x_wconf 78' lang='lat' dir='ltr'>Domine„</span> <span class='ocrx_word' id='word_1_68' title='bbox 619 369 641 387; x_wconf 77' lang='lat' dir='ltr'>ab</span> <span class='ocrx_word' id='word_1_69' title='bbox 654 369 706 387; x_wconf 81' lang='lat' dir='ltr'>omni</span> 
     </span>
     <span class='ocr_line' id='line_1_12' title="bbox 154 394 706 418; baseline 0.002 -7"><span class='ocrx_word' id='word_1_70' title='bbox 154 394 205 418; x_wconf 84' lang='lat' dir='ltr'>impu</span> <span class='ocrx_word' id='word_1_71' title='bbox 231 394 293 412; x_wconf 76' lang='lat' dir='ltr'>atione</span> <span class='ocrx_word' id='word_1_72' title='bbox 305 394 401 412; x_wconf 88' lang='lat' dir='ltr'>hominum</span> <span class='ocrx_word' id='word_1_73' title='bbox 415 394 517 412; x_wconf 76' lang='lat' dir='ltr'>malorum:</span> <span class='ocrx_word' id='word_1_74' title='bbox 534 394 557 412; x_wconf 84' lang='lat' dir='ltr'>ab</span> <span class='ocrx_word' id='word_1_75' title='bbox 569 394 620 412; x_wconf 80' lang='lat' dir='ltr'>omni</span> <span class='ocrx_word' id='word_1_76' title='bbox 631 394 706 412; x_wconf 78' lang='lat' dir='ltr'>incursu</span> 
     </span>
     <span class='ocr_line' id='line_1_13' title="bbox 155 418 706 442; baseline 0 -6"><span class='ocrx_word' id='word_1_77' title='bbox 155 421 174 436; x_wconf 87' lang='lat' dir='ltr'>et</span> <span class='ocrx_word' id='word_1_78' title='bbox 184 418 203 436; x_wconf 84' lang='lat' dir='ltr'>in</span> <span class='ocrx_word' id='word_1_79' title='bbox 212 419 301 436; x_wconf 78' lang='lat' dir='ltr'>estatione</span> <span class='ocrx_word' id='word_1_80' title='bbox 313 419 426 440; x_wconf 77' lang='lat' dir='ltr'>daemonum,</span> <span class='ocrx_word' id='word_1_81' title='bbox 435 422 453 437; x_wconf 90' lang='lat' dir='ltr'>et</span> <span class='ocrx_word' id='word_1_82' title='bbox 462 418 485 436; x_wconf 82' lang='lat' dir='ltr'>ab</span> <span class='ocrx_word' id='word_1_83' title='bbox 496 419 581 436; x_wconf 85' lang='lat' dir='ltr'>omnibus</span> <span class='ocrx_word' id='word_1_84' title='bbox 593 418 651 442; x_wconf 78' lang='lat' dir='ltr'>plagis</span> <span class='ocrx_word' id='word_1_85' title='bbox 663 424 706 442; x_wconf 81' lang='lat' dir='ltr'>quae</span> 
     </span>
    </p>

    <p class='ocr_par' dir='ltr' id='par_1_4' title="bbox 156 445 708 541">
     <span class='ocr_line' id='line_1_14' title="bbox 169 445 707 467; baseline 0 -6"><span class='ocrx_word' id='word_1_86' title='bbox 169 445 274 461; x_wconf 63' lang='lat' dir='ltr'>evocatorum</span> <span class='ocrx_word' id='word_1_87' title='bbox 294 446 399 461; x_wconf 84' lang='lat' dir='ltr'>nostrorum</span> <span class='ocrx_word' id='word_1_88' title='bbox 419 449 474 461; x_wconf 76' lang='lat' dir='ltr'>causa</span> <span class='ocrx_word' id='word_1_89' title='bbox 495 446 576 461; x_wconf 80' lang='lat' dir='ltr'>venturae</span> <span class='ocrx_word' id='word_1_90' title='bbox 597 449 652 467; x_wconf 83' lang='lat' dir='ltr'>super</span> <span class='ocrx_word' id='word_1_91' title='bbox 673 449 707 461; x_wconf 77' lang='lat' dir='ltr'>nos</span> 
     </span>
     <span class='ocr_line' id='line_1_15' title="bbox 164 468 708 492; baseline 0 -6"><span class='ocrx_word' id='word_1_92' title='bbox 164 470 222 486; x_wconf 79' lang='lat' dir='ltr'>orent.</span> <span class='ocrx_word' id='word_1_93' title='bbox 249 468 343 486; x_wconf 74' lang='lat' dir='ltr'>Conserva</span> <span class='ocrx_word' id='word_1_94' title='bbox 354 474 429 492; x_wconf 86' lang='lat' dir='ltr'>quoque</span> <span class='ocrx_word' id='word_1_95' title='bbox 441 474 475 486; x_wconf 88' lang='lat' dir='ltr'>nos</span> <span class='ocrx_word' id='word_1_96' title='bbox 486 468 504 486; x_wconf 91' lang='lat' dir='ltr'>in</span> <span class='ocrx_word' id='word_1_97' title='bbox 518 468 644 486; x_wconf 79' lang='lat' dir='ltr'>observatione</span> <span class='ocrx_word' id='word_1_98' title='bbox 656 474 708 486; x_wconf 83' lang='lat' dir='ltr'>man·</span> 
     </span>
     <span class='ocr_line' id='line_1_16' title="bbox 156 492 707 516; baseline -0.002 -5"><span class='ocrx_word' id='word_1_99' title='bbox 156 492 241 511; x_wconf 82' lang='lat' dir='ltr'>datorum</span> <span class='ocrx_word' id='word_1_100' title='bbox 254 495 327 511; x_wconf 81' lang='lat' dir='ltr'>tuorum</span> <span class='ocrx_word' id='word_1_101' title='bbox 339 495 452 514; x_wconf 76' lang='lat' dir='ltr'>sanctorum,</span> <span class='ocrx_word' id='word_1_102' title='bbox 461 493 504 516; x_wconf 75' lang='lat' dir='ltr'>quia</span> <span class='ocrx_word' id='word_1_103' title='bbox 512 495 532 510; x_wconf 95' lang='lat' dir='ltr'>tu</span> <span class='ocrx_word' id='word_1_104' title='bbox 544 493 594 511; x_wconf 85' lang='lat' dir='ltr'>Deus</span> <span class='ocrx_word' id='word_1_105' title='bbox 605 492 707 511; x_wconf 81' lang='lat' dir='ltr'>misericors</span> 
     </span>
     <span class='ocr_line' id='line_1_17' title="bbox 156 517 622 541; baseline 0 -6"><span class='ocrx_word' id='word_1_106' title='bbox 156 523 181 539; x_wconf 82' lang='lat' dir='ltr'>es,</span> <span class='ocrx_word' id='word_1_107' title='bbox 190 519 209 535; x_wconf 84' lang='lat' dir='ltr'>et</span> <span class='ocrx_word' id='word_1_108' title='bbox 218 517 250 535; x_wconf 80' lang='lat' dir='ltr'>tibi</span> <span class='ocrx_word' id='word_1_109' title='bbox 258 517 334 541; x_wconf 81' lang='lat' dir='ltr'>gloriam</span> <span class='ocrx_word' id='word_1_110' title='bbox 344 517 445 538; x_wconf 72' lang='lat' dir='ltr'>referimus,</span> <span class='ocrx_word' id='word_1_111' title='bbox 453 519 472 535; x_wconf 84' lang='lat' dir='ltr'>et</span> <span class='ocrx_word' id='word_1_112' title='bbox 480 517 581 541; x_wconf 76' lang='lat' dir='ltr'>unigenito,</span> <span class='ocrx_word' id='word_1_113' title='bbox 591 518 622 535; x_wconf 71' lang='grc' dir='ltr'>διο.</span> 
     </span>
    </p>

    <p class='ocr_par' dir='ltr' id='par_1_5' title="bbox 182 542 707 560">
     <span class='ocr_line' id='line_1_18' title="bbox 182 542 707 560; baseline 0.002 -1"><span class='ocrx_word' id='word_1_114' title='bbox 182 542 297 559; x_wconf 67' lang='lat' dir='ltr'>Incunmus.</span> <span class='ocrx_word' id='word_1_115' title='bbox 324 542 420 559; x_wconf 81' lang='lat' dir='ltr'>Memento</span> <span class='ocrx_word' id='word_1_116' title='bbox 428 542 507 560; x_wconf 88' lang='lat' dir='ltr'>Domine</span> <span class='ocrx_word' id='word_1_117' title='bbox 516 542 591 560; x_wconf 87' lang='lat' dir='ltr'>Patrum</span> <span class='ocrx_word' id='word_1_118' title='bbox 598 545 617 560; x_wconf 84' lang='lat' dir='ltr'>et</span> <span class='ocrx_word' id='word_1_119' title='bbox 624 542 707 560; x_wconf 80' lang='lat' dir='ltr'>Fratrum</span> 
     </span>
    </p>
   </div>
   <div class='ocr_carea' id='block_1_3' title="bbox 157 563 735 590">
    <p class='ocr_par' dir='ltr' id='par_1_6' title="bbox 157 563 735 590">
     <span class='ocr_line' id='line_1_19' title="bbox 157 563 735 590; baseline 0 -6"><span class='ocrx_word' id='word_1_120' title='bbox 157 566 188 590; x_wconf 91' lang='lat' dir='ltr'>qui</span> <span class='ocrx_word' id='word_1_121' title='bbox 197 566 292 584; x_wconf 77' lang='lat' dir='ltr'>nobiscum</span> <span class='ocrx_word' id='word_1_122' title='bbox 301 566 374 584; x_wconf 71' lang='lat' dir='ltr'>adstant</span> <span class='ocrx_word' id='word_1_123' title='bbox 383 568 402 584; x_wconf 87' lang='lat' dir='ltr'>et</span> <span class='ocrx_word' id='word_1_124' title='bbox 410 568 474 584; x_wconf 79' lang='lat' dir='ltr'>orant:</span> <span class='ocrx_word' id='word_1_125' title='bbox 492 568 511 584; x_wconf 80' lang='lat' dir='ltr'>et</span> <span class='ocrx_word' id='word_1_126' title='bbox 519 572 583 585; x_wconf 85' lang='lat' dir='ltr'>eorum</span> <span class='ocrx_word' id='word_1_127' title='bbox 596 566 628 590; x_wconf 82' lang='lat' dir='ltr'>qui</span> <span class='ocrx_word' id='word_1_128' title='bbox 636 573 648 585; x_wconf 76' lang='lat' dir='ltr'><strong>a</strong></span> <span class='ocrx_word' id='word_1_129' title='bbox 656 566 708 585; x_wconf 89' lang='lat' dir='ltr'>nobis</span> <span class='ocrx_word' id='word_1_130' title='bbox 731 563 735 566; x_wconf 17' lang='grc' dir='ltr'>χ</span> 
     </span>
    </p>
   </div>
   <div class='ocr_carea' id='block_1_4' title="bbox 155 591 710 961">
    <p class='ocr_par' dir='ltr' id='par_1_7' title="bbox 155 591 708 658">
     <span class='ocr_line' id='line_1_20' title="bbox 156 591 708 615; baseline 0.002 -7"><span class='ocrx_word' id='word_1_131' title='bbox 156 591 292 615; x_wconf 78' lang='lat' dir='ltr'>migraverunt:</span> <span class='ocrx_word' id='word_1_132' title='bbox 310 593 331 609; x_wconf 90' lang='lat' dir='ltr'>ut</span> <span class='ocrx_word' id='word_1_133' title='bbox 344 597 408 609; x_wconf 89' lang='lat' dir='ltr'>eorum</span> <span class='ocrx_word' id='word_1_134' title='bbox 424 591 455 615; x_wconf 81' lang='lat' dir='ltr'>qui</span> <span class='ocrx_word' id='word_1_135' title='bbox 471 591 569 609; x_wconf 85' lang='lat' dir='ltr'>voluerunt</span> <span class='ocrx_word' id='word_1_136' title='bbox 586 591 658 613; x_wconf 71' lang='lat' dir='ltr'>offerre,</span> <span class='ocrx_word' id='word_1_137' title='bbox 673 597 708 609; x_wconf 84' lang='lat' dir='ltr'>nec</span> 
     </span>
     <span class='ocr_line' id='line_1_21' title="bbox 155 615 707 640; baseline 0.002 -7"><span class='ocrx_word' id='word_1_138' title='bbox 155 617 267 640; x_wconf 80' lang='lat' dir='ltr'>potuerunt:</span> <span class='ocrx_word' id='word_1_139' title='bbox 288 616 386 639; x_wconf 85' lang='lat' dir='ltr'>unicuique</span> <span class='ocrx_word' id='word_1_140' title='bbox 404 615 485 634; x_wconf 83' lang='lat' dir='ltr'>concede</span> <span class='ocrx_word' id='word_1_141' title='bbox 502 615 588 634; x_wconf 68' lang='lat' dir='ltr'>honestas</span> <span class='ocrx_word' id='word_1_142' title='bbox 610 616 707 640; x_wconf 81' lang='lat' dir='ltr'>petitiones</span> 
     </span>
     <span class='ocr_line' id='line_1_22' title="bbox 157 646 204 658; baseline 0 0"><span class='ocrx_word' id='word_1_143' title='bbox 157 646 204 658; x_wconf 80' lang='lat' dir='ltr'>suas.</span> 
     </span>
    </p>

    <p class='ocr_par' dir='ltr' id='par_1_8' title="bbox 157 665 710 837">
     <span class='ocr_line' id='line_1_23' title="bbox 183 665 709 684; baseline 0 -1"><span class='ocrx_word' id='word_1_144' title='bbox 183 666 269 683; x_wconf 63' lang='lat' dir='ltr'>Eusvms</span> <span class='ocrx_word' id='word_1_145' title='bbox 294 671 361 683; x_wconf 76' lang='lat' dir='ltr'>vocma.</span> <span class='ocrx_word' id='word_1_146' title='bbox 399 666 495 683; x_wconf 84' lang='lat' dir='ltr'>Memento</span> <span class='ocrx_word' id='word_1_147' title='bbox 521 666 600 684; x_wconf 89' lang='lat' dir='ltr'>Domine</span> <span class='ocrx_word' id='word_1_148' title='bbox 626 665 709 684; x_wconf 89' lang='lat' dir='ltr'>omnium</span> 
     </span>
     <span class='ocr_line' id='line_1_24' title="bbox 158 690 709 714; baseline 0.002 -7"><span class='ocrx_word' id='word_1_149' title='bbox 158 695 237 714; x_wconf 81' lang='lat' dir='ltr'>quorum</span> <span class='ocrx_word' id='word_1_150' title='bbox 254 690 375 711; x_wconf 88' lang='lat' dir='ltr'>meminimus,</span> <span class='ocrx_word' id='word_1_151' title='bbox 393 692 412 708; x_wconf 80' lang='lat' dir='ltr'>et</span> <span class='ocrx_word' id='word_1_152' title='bbox 429 696 508 714; x_wconf 85' lang='lat' dir='ltr'>quorum</span> <span class='ocrx_word' id='word_1_153' title='bbox 529 696 567 708; x_wconf 89' lang='lat' dir='ltr'>non</span> <span class='ocrx_word' id='word_1_154' title='bbox 588 691 709 708; x_wconf 83' lang='lat' dir='ltr'>meminimus.</span> 
     </span>
     <span class='ocr_line' id='line_1_25' title="bbox 158 714 709 739; baseline 0.002 -7"><span class='ocrx_word' id='word_1_155' title='bbox 158 715 234 738; x_wconf 85' lang='lat' dir='ltr'>Suscipe</span> <span class='ocrx_word' id='word_1_156' title='bbox 239 714 328 732; x_wconf 73' lang='lat' dir='ltr'>sacrificia</span> <span class='ocrx_word' id='word_1_157' title='bbox 333 720 396 732; x_wconf 86' lang='lat' dir='ltr'>eorum</span> <span class='ocrx_word' id='word_1_158' title='bbox 402 714 421 732; x_wconf 89' lang='lat' dir='ltr'>in</span> <span class='ocrx_word' id='word_1_159' title='bbox 426 715 614 739; x_wconf 82' lang='lat' dir='ltr'>amplissimaregione</span> <span class='ocrx_word' id='word_1_160' title='bbox 620 715 709 733; x_wconf 72' lang='lat' dir='ltr'>coelorum</span> 
     </span>
     <span class='ocr_line' id='line_1_26' title="bbox 158 739 709 764; baseline 0.002 -7"><span class='ocrx_word' id='word_1_161' title='bbox 158 741 238 757; x_wconf 68' lang='lat' dir='ltr'>tuorum</span> <span class='ocrx_word' id='word_1_162' title='bbox 264 739 353 757; x_wconf 74' lang='lat' dir='ltr'>Retribue</span> <span class='ocrx_word' id='word_1_163' title='bbox 361 739 395 757; x_wconf 86' lang='lat' dir='ltr'>illis</span> <span class='ocrx_word' id='word_1_164' title='bbox 404 739 486 757; x_wconf 80' lang='lat' dir='ltr'>laetitiam</span> <span class='ocrx_word' id='word_1_165' title='bbox 495 739 564 761; x_wconf 78' lang='lat' dir='ltr'>salutis,</span> <span class='ocrx_word' id='word_1_166' title='bbox 573 742 592 758; x_wconf 90' lang='lat' dir='ltr'>et</span> <span class='ocrx_word' id='word_1_167' title='bbox 599 742 667 764; x_wconf 74' lang='lat' dir='ltr'>praesta</span> <span class='ocrx_word' id='word_1_168' title='bbox 674 739 709 758; x_wconf 80' lang='lat' dir='ltr'>illis</span> 
     </span>
     <span class='ocr_line' id='line_1_27' title="bbox 158 763 710 786; baseline 0.002 -5"><span class='ocrx_word' id='word_1_169' title='bbox 158 763 246 782; x_wconf 85' lang='lat' dir='ltr'>auxilium</span> <span class='ocrx_word' id='word_1_170' title='bbox 255 769 266 781; x_wconf 79' lang='lat' dir='ltr'>a</span> <span class='ocrx_word' id='word_1_171' title='bbox 275 766 304 781; x_wconf 86' lang='lat' dir='ltr'>te:</span> <span class='ocrx_word' id='word_1_172' title='bbox 322 764 389 782; x_wconf 77' lang='lat' dir='ltr'>robora</span> <span class='ocrx_word' id='word_1_173' title='bbox 402 764 443 782; x_wconf 90' lang='lat' dir='ltr'>illos</span> <span class='ocrx_word' id='word_1_174' title='bbox 455 764 521 782; x_wconf 83' lang='lat' dir='ltr'>virtute</span> <span class='ocrx_word' id='word_1_175' title='bbox 533 767 571 786; x_wconf 77' lang='lat' dir='ltr'>tua,</span> <span class='ocrx_word' id='word_1_176' title='bbox 580 766 599 782; x_wconf 88' lang='lat' dir='ltr'>et</span> <span class='ocrx_word' id='word_1_177' title='bbox 607 770 658 782; x_wconf 76' lang='lat' dir='ltr'>anna</span> <span class='ocrx_word' id='word_1_178' title='bbox 668 764 710 782; x_wconf 87' lang='lat' dir='ltr'>illos</span> 
     </span>
     <span class='ocr_line' id='line_1_28' title="bbox 157 788 709 813; baseline 0.002 -7"><span class='ocrx_word' id='word_1_179' title='bbox 157 788 264 807; x_wconf 69' lang='lat' dir='ltr'>fortitudine</span> <span class='ocrx_word' id='word_1_180' title='bbox 275 790 314 809; x_wconf 80' lang='lat' dir='ltr'>tua,</span> <span class='ocrx_word' id='word_1_181' title='bbox 325 789 368 812; x_wconf 78' lang='lat' dir='ltr'>quia</span> <span class='ocrx_word' id='word_1_182' title='bbox 379 791 399 806; x_wconf 91' lang='lat' dir='ltr'>tu</span> <span class='ocrx_word' id='word_1_183' title='bbox 412 794 431 806; x_wconf 79' lang='lat' dir='ltr'>es</span> <span class='ocrx_word' id='word_1_184' title='bbox 442 789 550 811; x_wconf 78' lang='lat' dir='ltr'>misericors,</span> <span class='ocrx_word' id='word_1_185' title='bbox 559 791 577 807; x_wconf 85' lang='lat' dir='ltr'>et</span> <span class='ocrx_word' id='word_1_186' title='bbox 588 789 620 808; x_wconf 87' lang='lat' dir='ltr'>tibi</span> <span class='ocrx_word' id='word_1_187' title='bbox 632 789 709 813; x_wconf 75' lang='lat' dir='ltr'>gloriam</span> 
     </span>
     <span class='ocr_line' id='line_1_29' title="bbox 158 812 436 837; baseline 0.004 -7"><span class='ocrx_word' id='word_1_188' title='bbox 158 812 259 834; x_wconf 74' lang='lat' dir='ltr'>referimus,</span> <span class='ocrx_word' id='word_1_189' title='bbox 268 815 287 830; x_wconf 86' lang='lat' dir='ltr'>et</span> <span class='ocrx_word' id='word_1_190' title='bbox 295 813 395 837; x_wconf 80' lang='lat' dir='ltr'>unigenito,</span> <span class='ocrx_word' id='word_1_191' title='bbox 405 814 436 832; x_wconf 53' lang='lat' dir='ltr'>&amp;a</span> 
     </span>
    </p>

    <p class='ocr_par' dir='ltr' id='par_1_9' title="bbox 183 838 361 856">
     <span class='ocr_line' id='line_1_30' title="bbox 183 838 361 856; baseline 0.006 -1"><span class='ocrx_word' id='word_1_192' title='bbox 183 838 271 855; x_wconf 78' lang='lat' dir='ltr'>Poruws.</span> <span class='ocrx_word' id='word_1_193' title='bbox 297 838 361 856; x_wconf 82' lang='lat' dir='ltr'>Amen.</span> 
     </span>
    </p>

    <p class='ocr_par' dir='ltr' id='par_1_10' title="bbox 157 862 709 961">
     <span class='ocr_line' id='line_1_31' title="bbox 183 862 708 887; baseline 0.002 -7"><span class='ocrx_word' id='word_1_194' title='bbox 183 862 277 880; x_wconf 64' lang='lat' dir='ltr'>SAcznnos</span> <span class='ocrx_word' id='word_1_195' title='bbox 293 868 404 880; x_wconf 67' lang='lat' dir='ltr'>mammos.</span> <span class='ocrx_word' id='word_1_196' title='bbox 431 863 527 881; x_wconf 82' lang='lat' dir='ltr'>Memento</span> <span class='ocrx_word' id='word_1_197' title='bbox 542 863 621 881; x_wconf 86' lang='lat' dir='ltr'>Domine</span> <span class='ocrx_word' id='word_1_198' title='bbox 636 863 708 887; x_wconf 82' lang='lat' dir='ltr'>Regum</span> 
     </span>
     <span class='ocr_line' id='line_1_32' title="bbox 158 887 709 912; baseline 0.004 -8"><span class='ocrx_word' id='word_1_199' title='bbox 158 889 177 905; x_wconf 88' lang='lat' dir='ltr'>et</span> <span class='ocrx_word' id='word_1_200' title='bbox 194 887 313 911; x_wconf 80' lang='lat' dir='ltr'>Reginarum,</span> <span class='ocrx_word' id='word_1_201' title='bbox 330 887 361 911; x_wconf 89' lang='lat' dir='ltr'>qui</span> <span class='ocrx_word' id='word_1_202' title='bbox 379 893 440 905; x_wconf 85' lang='lat' dir='ltr'>veram</span> <span class='ocrx_word' id='word_1_203' title='bbox 457 888 564 912; x_wconf 77' lang='lat' dir='ltr'>religionem</span> <span class='ocrx_word' id='word_1_204' title='bbox 584 888 709 912; x_wconf 81' lang='lat' dir='ltr'>profitentur:</span> 
     </span>
     <span class='ocr_line' id='line_1_33' title="bbox 158 911 709 936; baseline 0.004 -7"><span class='ocrx_word' id='word_1_205' title='bbox 158 911 246 930; x_wconf 82' lang='lat' dir='ltr'>auxilium</span> <span class='ocrx_word' id='word_1_206' title='bbox 254 911 289 929; x_wconf 86' lang='lat' dir='ltr'>illis</span> <span class='ocrx_word' id='word_1_207' title='bbox 298 911 322 929; x_wconf 83' lang='lat' dir='ltr'>da</span> <span class='ocrx_word' id='word_1_208' title='bbox 332 918 365 936; x_wconf 83' lang='lat' dir='ltr'>per</span> <span class='ocrx_word' id='word_1_209' title='bbox 376 912 487 930; x_wconf 74' lang='lat' dir='ltr'>armaturam</span> <span class='ocrx_word' id='word_1_210' title='bbox 500 912 583 936; x_wconf 84' lang='lat' dir='ltr'>spiritus:</span> <span class='ocrx_word' id='word_1_211' title='bbox 601 919 665 931; x_wconf 85' lang='lat' dir='ltr'>omnes</span> <span class='ocrx_word' id='word_1_212' title='bbox 678 913 709 936; x_wconf 85' lang='lat' dir='ltr'>qui</span> 
     </span>
     <span class='ocr_line' id='line_1_34' title="bbox 157 936 709 961; baseline 0.002 -7"><span class='ocrx_word' id='word_1_213' title='bbox 157 936 198 954; x_wconf 84' lang='lat' dir='ltr'>illos</span> <span class='ocrx_word' id='word_1_214' title='bbox 214 937 293 954; x_wconf 85' lang='lat' dir='ltr'>oderunt</span> <span class='ocrx_word' id='word_1_215' title='bbox 305 936 373 960; x_wconf 84' lang='lat' dir='ltr'>subjice</span> <span class='ocrx_word' id='word_1_216' title='bbox 386 937 426 958; x_wconf 82' lang='lat' dir='ltr'>illis,</span> <span class='ocrx_word' id='word_1_217' title='bbox 439 939 460 955; x_wconf 91' lang='lat' dir='ltr'>ut</span> <span class='ocrx_word' id='word_1_218' title='bbox 473 943 507 955; x_wconf 85' lang='lat' dir='ltr'>nos</span> <span class='ocrx_word' id='word_1_219' title='bbox 523 937 640 961; x_wconf 76' lang='lat' dir='ltr'>tranquillam</span> <span class='ocrx_word' id='word_1_220' title='bbox 653 938 709 955; x_wconf 77' lang='lat' dir='ltr'>vitam</span> 
     </span>
    </p>
   </div>
   <div class='ocr_carea' id='block_1_5' title="bbox 158 967 710 1009">
    <p class='ocr_par' dir='ltr' id='par_1_11' title="bbox 158 967 710 1009">
     <span class='ocr_line' id='line_1_35' title="bbox 193 967 239 979; baseline 0 0"><span class='ocrx_word' id='word_1_221' title='bbox 193 967 239 979; x_wconf 89' lang='lat' dir='ltr'>mus.</span> 
     </span>
     <span class='ocr_line' id='line_1_36' title="bbox 158 967 710 1009; baseline 0.002 -5"><span class='ocrx_word' id='word_1_222' title='bbox 158 967 269 1004; x_wconf 50' lang='lat' dir='ltr'>213}OEva</span> <span class='ocrx_word' id='word_1_223' title='bbox 281 993 347 1005; x_wconf 66' lang='lat' dir='ltr'>vocem.</span> <span class='ocrx_word' id='word_1_224' title='bbox 374 986 423 1006; x_wconf 84' lang='lat' dir='ltr'>Quia</span> <span class='ocrx_word' id='word_1_225' title='bbox 431 989 452 1004; x_wconf 77' lang='lat' dir='ltr'>tu</span> <span class='ocrx_word' id='word_1_226' title='bbox 461 992 480 1005; x_wconf 90' lang='lat' dir='ltr'>es</span> <span class='ocrx_word' id='word_1_227' title='bbox 492 987 572 1005; x_wconf 77' lang='lat' dir='ltr'>salvator</span> <span class='ocrx_word' id='word_1_228' title='bbox 580 990 599 1006; x_wconf 84' lang='lat' dir='ltr'>et</span> <span class='ocrx_word' id='word_1_229' title='bbox 608 988 710 1009; x_wconf 76' lang='lat' dir='ltr'>auxiliator,</span> 
     </span>
    </p>
   </div>
  </div>
 </body>
</html>
