806 1298
218 117 268 131 xxvr.
282 112 373 131 eruuon
386 112 405 131 S.
418 111 489 130 Jacom.
591 113 627 132 ⁵37

75 158 107 176 illa
116 164 172 182 quam
180 158 250 177 habeut
262 158 362 183 Seraphim.
388 159 446 177 Beata
457 159 518 177 anima
527 164 569 183 quae
578 165 628 178 nunc

75 183 95 201 in
105 183 188 202 Ecclesia
199 183 251 202 adest
263 190 306 202 cum
317 184 403 208 puritate,
412 184 455 208 quia
468 184 545 208 Spiritus
554 187 628 203 sanctus

76 208 139 226 scribit
145 214 212 227 nomen
220 208 265 232 ejus,
271 209 354 232 illudque
362 208 422 227 elevat
427 209 446 227 in
452 209 524 227 coelum.
552 209 628 227 Diaconi

77 235 137 251 estote
146 239 188 251 cum
196 236 283 255 tremore,
292 234 327 252 hoc
336 235 420 258 tempore
429 238 499 255 sancto,
508 240 545 258 quo
553 234 629 252 descen-

77 257 105 276 dit
113 258 190 282 Spiritus
202 261 282 280 sanctus,
291 258 315 276 ad
326 258 459 277 sanctificanda
470 264 548 283 corpora
558 264 629 281 eorum,

78 283 110 307 qui
121 283 167 302 illud
178 283 285 307 suscipiunt.
311 283 384 307 Aspice,
396 283 481 305 Domine,
494 283 548 302 oculo
561 284 629 302 miseri-

77 308 129 326 cordi
136 308 139 311 *
146 314 219 326 serv-um
236 310 296 330 tuum,
313 308 345 332 qui
362 310 399 326 stat
416 310 435 326 et
451 314 524 327 sacrum
543 308 628 327 celebrat.

77 333 160 357 Suscipe,
176 333 261 354 Domine,
277 333 388 351 oblationem
405 333 465 354 istam,
480 336 502 351 ut
517 333 568 352 illam
585 334 629 352 Pro-

77 358 176 382 phetarum
202 361 221 376 et
246 358 378 382 apostolorum.
415 358 518 380 Memento,
544 359 628 381 Domine,

79 383 155 401 Patrum
164 385 184 401 et
192 383 276 401 Fratrum
285 385 397 405 nostrorum,
405 386 426 401 ut
435 383 489 402 etiam
498 383 629 407 Magistrorum

78 410 191 429 nostrorum,
214 414 285 432 nosque
308 410 327 426 et
349 408 391 426 illos
415 408 480 432 dignos
504 411 572 433 praesta
596 414 629 433 per

77 432 221 451 misericordiam
246 435 298 451 tuam
324 439 381 457 regno
409 433 483 451 ccelesti.
527 433 630 455 Memento,

79 457 165 479 Domine,
178 463 212 481 per
228 458 306 481 gratiam
321 460 340 476 et
353 458 478 476 miserationes
496 461 537 476 tuas
553 458 630 480 divinas,

79 482 154 500 Domini
174 482 198 500 N.
218 482 329 501 Patriarchae
348 482 406 500 nostri
426 485 446 501 et
465 483 487 501 D.
505 483 529 501 N.
549 488 629 506 quorum

77 507 169 525 orationes
186 507 239 525 nobis
256 507 321 525 adsint.
348 507 451 529 Memento,
467 508 552 529 Domine,
564 507 629 526 absen-

79 532 132 554 tium,
149 534 168 550 et
187 532 273 550 miserere
293 532 416 556 praesentium.
447 532 533 552 Quietem
554 538 630 556 quoque

78 560 147 581 praesta
159 557 250 581 spiritibus
261 557 398 579 defunctonun,
407 559 426 575 et
435 563 490 582 parce
501 557 630 582 peccatoribus

78 582 98 600 in
110 582 139 600 die
148 582 216 606 judicii.
243 581 384 603 Defunctorum,
392 582 444 606 quia
452 582 504 600 nobis
516 583 594 606 separati
606 582 630 600 ab

78 606 114 625 hoc
128 607 197 625 saeculo
208 607 339 631 migraverunt,
351 607 448 631 spiritibus,
460 607 537 628 Christe,
548 607 630 631 quietem

78 634 153 656 praesta,
162 638 204 650 cum
213 632 246 656 piis
255 633 274 650 et
284 631 343 656 justis.
370 631 420 650 Crux
430 634 462 650 tua
469 638 517 656 pons
529 632 553 650 sit
561 632 602 654 illis,
611 634 630 650 et

79 657 181 681 baptismus
187 659 230 675 tuus
237 659 370 681 tegumentum.
396 656 468 681 Corpus
475 659 528 675 tuum
534 659 553 675 et
557 657 632 681 sanguis

79 684 123 700 tuus
131 684 212 703 sanctus,
220 682 250 700 via
261 682 297 700 sint
309 687 351 705 quae
363 681 443 700 deducat
451 681 475 700 ad
483 687 560 706 regnum
572 684 631 700 tuum.

80 707 162 725 Gloriam
170 709 285 731 perpetuam,
294 712 337 725 cum
346 706 452 725 adoratione
461 707 568 731 acceptabili
577 707 632 725 decet

80 737 114 750 nos
123 731 191 750 referre
200 737 223 750 ex
230 731 291 750 medio
300 731 403 753 sanctuarii,
411 732 466 753 Patri,
473 732 524 753 Filio,
531 734 550 750 et
556 732 631 756 Spiritui

79 758 144 775 sancto
156 757 203 778 vivo,
216 759 236 774 ut
246 756 285 780 ipse
298 756 348 774 Deus
360 762 414 774 verus
425 756 524 780 adimpleat
535 756 631 775 nobiscum

79 781 163 806 gratiam,
171 781 324 802 benedictionem,
335 781 470 799 miserationem
484 783 503 799 et
514 781 631 799 clementiam

80 812 139 828 suam,
148 812 171 824 ex
183 806 219 824 hoc
230 812 280 824 nunc
293 812 352 830 usque
364 806 387 824 ad
398 805 467 824 finem:
484 812 556 830 nosque
567 812 632 824 omnes

80 837 124 849 cum
132 831 215 849 oratione
224 831 325 849 Dominum
333 830 459 855 deprecemur.

144 856 230 874 Sacer-dm
238 859 279 874 ante
288 856 383 874 orationem
391 856 509 877 Dominicum,
518 856 566 874 dicit.

106 881 161 899 Pater
172 881 245 899 Domini
257 880 315 899 nostri
326 880 371 899 Jesu
384 880 458 902 Christi,
467 883 520 905 pater
531 881 633 899 misericor-

80 906 152 924 diarum
163 908 182 924 et
194 906 244 924 Deus
255 906 312 924 totius
324 905 459 927 consolationis,
468 906 499 930 qui
512 905 565 924 sedes
576 912 632 930 super

81 931 187 952 Cherubim,
195 933 214 949 et
225 936 236 948 a
247 930 343 955 Seraphim
355 930 446 949 laudaris:
463 936 525 949 coram
538 936 576 954 quo
587 937 633 949 con-

79 956 147 974 sistunt
156 955 204 974 mille
214 955 327 980 Angelorum
336 955 433 980 myriades,
442 955 515 974 excelsa
524 958 543 973 et
551 955 633 975 coelestia

124 981 166 999 ’τιατ
200 981 219 998 ui
239 980 341 998 oblationes
361 986 385 999 ex
406 980 459 999 donis
477 983 495 998 et
513 981 632 1005 proventibus

80 1005 175 1024 fructuum
184 1005 217 1023 nbi
226 1005 291 1024 oblatis
301 1005 319 1023 in
329 1004 404 1024 odorem
414 1005 513 1027 suavitatis,
520 1005 605 1030 dignatus
613 1012 634 1024 es
