806 1298
166 106 198 121 464
275 105 328 121 Oonnx
340 106 445 122 Arocmwnus
457 105 499 122 Novi
509 105 616 122 Τυτιιιιιῑκτι.

192 148 306 170 Judaeorum,
316 151 335 167 et
343 151 443 167 tenuerunt
451 155 493 167 eum
503 149 584 173 mihique
594 148 713 169 tradiderunt,

191 176 210 192 et
223 174 258 192 alia
270 180 304 198 pro
317 174 356 192 aliis
369 174 413 192 mihi
426 174 449 192 de
462 180 485 192 eo
499 174 608 192 mentientes
620 174 713 195 dixerunt,

136 205 138 207 ¹
157 204 164 214 ·’«
191 201 292 217 asserentes
297 199 351 217 istum
359 205 433 223 magum
440 205 479 217 esse
486 201 504 217 et
511 201 576 217 contra
582 199 641 223 legem
648 204 712 217 eorum

192 230 251 248 agere.
277 225 318 248 Ego
326 226 388 242 autem
396 224 454 242 verbis
464 230 528 242 eorum
535 224 603 243 credidi
609 224 634 242 ita
642 230 688 245 esse,
694 227 713 242 et

173 252 178 259 “
192 249 305 273 flagellatum
315 249 380 268 trwdidi
388 249 441 267 illum
450 249 524 268 arbitrio
533 255 603 268 eorum.
613 249 642 267 Illi
650 251 712 267 autern

191 274 322 293 crucifixerunt
332 280 374 293 eum
383 277 402 292 et
411 274 484 299 sepulto
493 275 579 293 custodes
584 274 712 292 adhibuerunt.

192 299 226 317 Ille
236 302 298 317 autem
307 299 393 317 militibus
401 300 447 318 meis
454 302 595 318 monumentum
604 299 643 323 ejus
652 301 713 317 custo-

193 324 285 342 dientibus
300 324 329 342 die
341 325 396 343 tertio
410 324 519 343 resurrexit:
529 324 548 343 in
563 327 635 343 tantum
650 326 712 343 autem

191 349 258 368 exarsit
273 349 354 373 nequitia
371 349 478 368 Jndaeorum
498 352 519 368 ut
539 349 603 368 darent
615 349 712 374 pecuniam

173 377 184 385 ¹⁰
191 374 296 393 custodibus
309 377 328 392 et
334 375 422 396 dicerent,
437 375 515 393 “Dicite
528 375 572 399 quia
580 374 663 399 discipuli
673 374 713 398 ejus

190 405 256 428 corpus
264 399 320 424 ipsius
328 406 360 424 per
365 402 438 418 noctem
445 399 501 418 furati
507 401 565 418 suut!¹
575 399 644 418 Milites
649 402 712 418 autem

189 430 225 443 mel
247 430 304 449 quum
324 425 437 449 accepissent
452 425 555 449 pecuniam,
573 425 623 449 quod
641 424 711 443 facturn

190 449 251 468 fuerat
255 453 316 468 tacere
323 456 360 468 non
366 452 471 474 potuerunt.
482 450 529 469 Nam
537 453 556 468 et
562 450 613 468 illum
622 450 645 468 de
652 450 712 474 sepul-

191 481 223 493 cro
228 475 348 493 resurrexisse
355 475 415 493 testati
421 478 464 493 sunt
469 481 488 493 se
495 475 567 497 vidisse,
576 477 594 493 et
600 481 619 493 se
626 481 637 493 a
642 475 712 493 Judaeis

172 502 183 510 ¹¹
190 500 287 524 pecuniam
293 500 389 524 accepisse.
412 500 504 519 Haecideo
509 500 581 525 ingessi,
586 507 609 518 ne
615 500 655 524 quis
660 500 713 518 aliter

190 525 295 546 mentiatur,
304 527 323 543 et
335 525 413 543 aestimet
421 525 533 544 credendum
542 525 641 544 mendaciis
650 525 660 543 J
663 525 712 543 udae-

191 556 249 568 onim.
276 550 337 568 Direxi
348 550 435 574 potestati
449 553 514 569 vestrae
529 550 596 572 omnia,
608 556 649 574 quae
660 553 712 575 gesta

189 577 232 593 sunt
241 575 264 593 de
271 575 315 593 Jesu
324 575 341 593 in
350 575 437 599 proetorio
446 581 493 593 meo*

431 636 448 654 4.

272 673 342 691 Pilatus
353 673 423 692 Tiberio
432 673 499 692 C'oesari
507 673 585 692 salutem.

178 701 183 708 ⁰
216 698 243 716 De
252 698 297 716 Jesu
306 698 379 716 Christo
389 704 444 722 quem
457 699 488 717 tibi
497 699 552 723 plane
560 698 657 723 postremis
665 698 711 717 meis

189 723 329 745 declaraveram,
343 727 389 741 nutu
403 723 478 741 tandem
490 723 559 748 populi,
572 723 665 745 acerbum,
679 730 709 742 me

188 748 240 772 quasi
247 748 305 767 invito
314 750 333 767 et
341 748 448 770 subticente,
457 748 565 773 supplicium
574 751 667 773 sumptum
677 751 710 767 est.

189 773 252 791 Virum
260 773 321 792 hercle
330 774 356 791 ita
363 774 415 798 pium
430 780 451 792 ac
464 774 554 792 sincerum
567 773 617 792 nulla
625 779 709 798 unquam

188 800 233 816 aetas
246 798 316 820 habuit,
329 804 363 817 nec
380 798 464 817 habitura
477 801 509 817 est.
536 799 572 817 Sed
584 799 641 817 mirus
649 799 710 817 extitit

169 826 181 834 ³*
188 823 244 847 ipsius
251 824 314 848 populi
321 826 398 842 conatus
405 824 524 848 omniumque
531 824 630 842 scribarum
638 826 657 842 et
661 824 711 848 prin-

187 848 249 873 cipum
258 855 279 867 ac
289 849 381 867 seniorum
395 855 501 871 consensus,
511 849 548 867 suis
555 849 650 874 prophetis
658 855 710 867 more

186 875 249 892 nostro
253 873 325 898 Sibyllis
328 874 489 898 praemonentibus,
492 874 542 892 hunc
545 874 625 893 veritatis
628 874 710 899 legatum

187 898 300 920 crucifixere,
312 899 367 923 signis
378 899 433 917 etiam
445 905 499 923 supra
512 902 596 918 naturam
607 900 710 924 apparenti-

188 923 228 945 bus,
237 924 281 942 dum
290 924 384 948 penderet,
393 927 412 942 et
419 924 457 942 orbi
463 924 548 943 universo
556 924 709 949 Philosophorum

168 951 180 959 ¹⁰
185 948 254 973 judicio
263 948 335 973 lapsum
344 949 461 967 minantibus.
486 949 553 974 Vigent
564 949 612 968 illius
620 949 709 974 discipuli,

187 980 243 998 opere
251 976 270 992 et
279 974 321 992 vitae
330 974 442 992 continentia
454 975 560 998 magistrum
574 981 610 993 non
620 975 709 993 mentien-

186 1002 220 1020 tes,
228 999 265 1017 imo
275 999 293 1017 in
303 999 341 1023 ejus
351 999 424 1018 nomine
433 999 598 1018 beneficentissimi.
625 1000 665 1018 Nisi
674 1006 709 1024 ego

187 1024 295 1042 seditionem
311 1024 374 1049 populi
390 1031 446 1049 prope
461 1025 555 1043 aestuantis
568 1025 708 1049 pertimuissem,
