806 1298
158 104 182 115 xv.
194 98 277 116 Msmws
288 104 309 115 »Β
320 104 360 116 rus.
372 99 387 116 S.
399 99 447 117 JOAN,
458 100 509 117 Evm.
586 102 617 118 481

70 144 166 167 etfamiliis
171 144 209 163 suis
215 144 310 169 fregerunt
318 144 379 163 omnia
383 144 486 167 simulacra,
493 147 512 163 et
516 144 594 164 fabricu-

71 172 137 188 verunt
145 169 237 188 basilicam
250 170 269 188 in
283 169 356 188 nomine
365 169 428 188 Sancti
437 170 449 188 J
450 170 520 192 oannis,
527 170 547 189 in
555 177 593 195 qua

70 195 108 219 ipse
123 195 201 213 Sanctus
216 194 227 213 J
229 200 298 213 oannes
312 197 417 219 assumptus
431 198 460 213 est
474 195 509 213 hoc
523 195 592 214 ordine.

69 220 133 240 Quum
141 222 189 238 esset
197 226 287 238 annorum
294 219 395 244 nonaginta
401 222 477 244 septem,
484 221 567 245 apparuit
576 221 592 239 ei

71 245 162 263 Dominus
178 245 233 263 Jesus
249 245 332 263 Christus
349 250 391 263 cum
405 245 502 270 Discipulis
517 245 560 267 suis,
573 249 592 264 et
599 249 604 257 ¹

69 270 116 288 dixit
125 270 148 292 ei,
160 272 172 280 ‘¹
179 270 225 288 Veni
237 270 261 288 ad
273 276 308 291 me,
317 270 360 294 quia
367 272 440 294 tempus
448 273 476 289 est
484 272 506 288 ut
513 271 592 295 epulen's

69 295 89 313 in
98 295 182 314 convivio
188 301 230 313 meo
235 301 277 313 cum
284 294 370 313 fratribus
375 295 426 313 tuis.”
445 295 525 320 Sui-gens
529 298 592 314 autem

69 320 81 339 J
83 326 152 339 oannes
159 320 215 349 coepit
221 320 253 342 ire,
260 320 292 339 sed
299 320 388 338 Dominus
395 320 441 339 dixit
447 320 469 342 ei,
477 323 489 331 “
496 321 592 340 Dominica

69 346 207 365 resurrectionis
215 351 261 363 meae
270 345 305 367 die,
314 345 346 369 qui
354 347 397 369 post
406 346 487 370 quinque
494 345 532 364 dies
541 346 591 365 iutu-

69 377 101 389 rus
109 373 144 392 est,
152 370 177 389 sic
186 370 248 389 venies
257 370 280 388 ad
289 371 333 388 mc.'’
365 371 390 388 Et
399 376 455 394 quum
465 371 500 389 hoc
509 371 591 393 dixisset,
598 375 610 382 ''

68 396 120 415 coelo
128 398 213 420 receptus
224 398 257 414 est.
283 395 371 414 Veniente
383 395 445 419 itaque
457 396 486 414 die
495 396 592 415 Dominica

68 421 157 440 convenit
162 421 247 439 universa
253 420 351 439 multitudo
358 420 377 438 in
385 420 474 442 Ecclesia,
480 427 521 445 quae
527 421 546 440 in
552 421 591 446 ejus

68 446 144 465 nomine
152 445 213 464 fuerat
221 445 315 467 fabricata,
323 448 342 463 et
349 446 425 469 aprimo
434 446 526 470 pullorum
535 449 590 465 cantu

68 478 126 496 agens
143 470 229 495 mysteria
247 470 287 492 Dei,
304 476 377 488 omnem
394 471 483 495 populum
498 472 557 495 iisque
572 472 590 490 in

68 497 134 515 horam
143 496 216 514 tertiam
224 495 330 519 alloquutus
338 498 372 517 est,
381 495 454 514 diceus:
598 500 609 507 ¹⁸

93 524 106 532 “
112 522 191 542 Fratres,
199 523 218 539 et
227 520 310 539 conservi
318 526 354 542 me,
363 522 381 538 et
390 520 502 542 cohaeredes,
510 523 528 540 et
534 522 590 546 parti-

67 547 118 571 cipes
139 546 191 571 regni
212 546 259 564 Dei:
277 545 381 569 cognoscite
404 546 503 564 Dominum
525 546 536 565 J
538 553 589 565 esum

68 572 169 593 Christum,
178 573 256 595 quantas
268 570 350 592 virtutem,
363 573 432 595 quauta
442 571 530 596 prodigia,
539 571 590 596 signa

68 603 150 621 quoque,
163 599 182 614 et
194 596 303 614 charismata
315 595 397 614 similiter
409 596 509 614 doctrinam
518 603 551 621 per
560 603 589 615 me

68 622 120 641 vobis
134 621 243 646 praesciverit.
269 621 386 639 Perseverate
399 621 416 639 in
435 621 475 645 ejus
492 621 588 644 mandatis,
595 625 607 633 ’-

68 654 98 666 me
107 647 157 665 enim
166 646 256 665 Dominus
266 645 305 670 jam
318 645 341 664 de
355 645 390 664 hoc
398 646 468 664 mundo
477 653 542 665 vocare
551 646 589 671 dig.

67 673 138 691 natur.”
163 672 207 690 Post
219 671 259 689 haec
271 671 325 695 juxta
337 671 395 689 altare
405 671 459 695 jussit
467 671 540 690 foveam
548 672 589 691 fieri

67 697 257 722 quadramm,tenam
264 696 304 720 ejus
310 695 360 714 foras
367 696 463 715 eccleffl'am
469 696 539 721 projici.
564 697 589 718 Et

67 722 182 741 descendens
189 722 208 740 iu
217 727 239 740 ea
247 721 353 745 expandens
359 727 425 739 manus
433 727 475 740 suas
481 722 505 740 ad
513 722 590 741 Domin-

67 754 99 766 um
114 747 166 768 dixit,
182 749 194 757 “
200 747 290 765 Invitatus
305 746 329 764 ad
343 746 448 764 convivium
465 749 518 765 tuum
534 747 588 765 venio
595 750 607 758 ¹¹

67 773 135 797 gratias
144 778 205 796 agens,
214 771 257 796 quia
266 777 295 789 rne
310 771 394 795 dignatus
409 777 435 793 eS,
450 771 528 790 Domine
545 772 556 790 J
558 778 594 790 esu.

67 798 147 819 Christe,
155 797 179 815 ad
187 799 228 815 tuas
237 796 301 820 epulas
313 796 396 818 invitare,
404 796 462 814 sciens
472 797 521 820 quod
530 803 553 815 ex
562 800 590 816 vo-

66 825 87 841 to
97 822 152 841 corde
161 828 202 840 meo
211 821 337 840 desiderabam
350 823 373 839 te.
399 821 440 839 Vidi
453 821 518 840 faciem
532 824 589 844 tuam,

66 850 86 866 et
95 848 147 872 quasi
158 847 181 865 de
194 846 288 871 sepultura
301 846 399 864 suscitatus
413 852 459 864 sum.
485 846 535 866 Odor
548 849 591 866 tuus

66 872 226 897 concupiscentias
235 872 253 890 in
262 877 291 889 me
301 871 387 890 excitavit
398 874 482 890 aeternas.
507 872 548 890 vox
557 874 590 890 tua
596 875 608 883 ¹·

67 898 123 922 plena
135 897 223 916 suavitate
232 896 327 918 melliflua,
340 899 359 915 ee
372 896 473 921 alloquutio
483 897 592 916 tuaincom-

67 923 154 948 parabilis
162 922 239 946 eloquiis
248 922 361 946 angelorum.
387 922 464 942 Quoties
471 924 489 940 te
497 922 565 946 rogavi,
570 925 592 941 ut

67 948 91 967 ad
104 951 123 967 te
136 947 230 966 venirem:
244 949 263 965 et
279 947 345 968 dixisti,
359 947 387 965 Ex
402 949 448 968 ecta,
465 949 486 965 ut
503 947 593 972 populum

65 973 134 992 liberes
142 972 233 991 creditum
242 972 292 994 mihi,
299 974 318 990 et
324 972 419 990 custodisti
428 978 495 996 corpus
500 978 563 991 meum
569 973 593 991 ab

65 999 119 1017 omni
127 998 237 1023 pollutione,
250 999 269 1015 et
282 997 361 1038 animiam
374 1003 434 1015 meam
442 1003 514 1022 semper
526 998 610 1016 illumi-¹¹
