806 1298
200 108 236 126 604
273 108 338 126 Connx
351 108 473 126 Avocnvrnus
487 108 536 126 Novx
550 107 674 125 'resumam-1.

201 154 279 172 beatam.
306 154 341 171 Fac
351 160 382 172 eos
391 154 467 172 domum
477 154 570 175 orationis,
578 154 654 172 domum
662 153 760 177 puritatis,

201 179 277 196 domum
291 178 408 196 abundantiae
423 181 442 196 et
456 178 526 202 gratiae,
540 178 649 202 gratificare,
665 178 758 199 Domine,

200 203 253 221 nobis
266 203 323 221 servis
338 203 373 221 tuis
388 205 408 221 et
422 205 464 227 post
479 209 513 221 nos
529 203 610 221 venturis
624 203 642 221 in
657 203 759 221 saeculum.

201 228 282 251 Exurge,
294 228 373 245 Domine
386 228 436 245 Deus
450 230 518 248 noster,
529 229 548 245 et
562 227 671 251 dissipentur
684 228 759 245 inimici

201 253 233 273 tui,
242 254 261 270 et
273 252 345 276 fugiant
356 255 398 270 ante
409 251 475 270 faciem
487 254 538 270 tuam
550 258 615 270 omnes
626 252 658 276 qui
671 252 758 270 oderunt

201 279 285 295 sanctum
296 278 315 294 et
326 276 443 295 benedictum
455 282 523 295 nomen
536 279 600 294 tuum:
615 276 679 300 populi
691 279 759 295 autem

201 301 228 319 tui
241 301 278 319 sint
290 301 382 319 benedieti
395 301 460 319 millies
473 301 558 322 millibus,
572 303 591 319 et
604 301 670 319 iterum
686 301 757 319 millies

201 326 280 344 millibus
285 325 450 347 >benedictionum3
465 325 572 349 faciantque
584 331 658 343 omnem
668 325 758 344 volunta-

200 352 238 368 tem
255 353 312 371 tuam,
328 356 361 374 per
376 350 460 374 gratiam,
475 351 612 374 benignitatem,
627 356 648 368 ac
662 356 756 371 amorem,

201 374 285 392 homines
297 374 336 392 Filii
347 375 374 393 tui
387 375 475 398 unigeniti
488 375 562 393 Domini
575 375 609 393 Dei
622 377 641 392 et
652 375 757 393 Salvatoris

201 399 258 417 nostri
273 399 319 417 Jesu
334 399 412 420 Christi;
435 399 470 420 cui,
485 401 504 417 et
517 399 555 420 tibi,
570 405 591 417 ac
605 399 679 423 Spiritui
694 399 712 417 S.
731 399 756 417 sit

200 424 258 447 gloria
274 426 293 442 et
309 424 396 448 potentia,
415 430 464 442 nunc
481 426 501 442 et
517 429 595 448 semper,
610 426 629 442 et
646 424 664 442 in
682 424 756 442 saeeula

201 448 318 470 saeculorum,
326 449 391 467 Amen.

226 482 298 500 Onu-rio
320 488 355 500 mu)
378 488 423 500 men
448 488 546 500 mamea-A.
580 482 673 499 Smnnnns
696 487 755 499 mcxv.

201 507 282 530 Mag-nus
298 509 317 524 et
334 509 414 525 aeternus
431 506 521 524 Dominus
541 506 638 530 plasmavit
657 506 754 524 hominem

200 531 345 552 immaculatum,
354 530 515 555 incorruptibilem.
543 531 594 548 Mors
600 533 663 548 autem
669 530 754 554 ingressa

201 557 228 573 est
238 561 250 573 a
258 555 347 579 principio
357 555 376 573 in
388 555 478 573 mundum
488 555 511 573 ob
523 555 609 573 invidiam
622 555 694 573 diaboli.
721 555 753 573 Tu

201 580 280 598 Domine
295 580 376 604 eripuisti
391 580 428 598 vim
443 580 482 603 ejus
497 586 530 604 per
544 579 644 598 adventum
662 579 753 603 unigeniti

201 604 240 622 Filii
248 604 275 622 tui
284 605 358 622 Domini
367 604 401 622 Dei
410 606 429 622 et
438 604 537 622 Salvaton's
549 604 606 622 nostri
616 604 661 622 Jesu
669 604 752 625 Christi,
747 610 752 614 ·

201 631 219 647 et
236 629 333 653 implevisti
353 631 412 647 totam
433 631 500 647 terram
520 634 565 653 pace
587 631 631 650 tua;
652 631 753 653 propterea

201 654 285 672 coelestes
294 654 376 677 legiones
382 654 459 679 laudant
465 656 483 671 te
491 653 583 674 dicentes;
598 653 661 671 Gloria
670 653 752 671 Domino

201 678 219 696 in
228 678 285 699 coelis,
295 681 314 696 et
321 684 358 702 pax
365 678 383 696 in
393 675 443 696 terra'
449 677 554 696 hominibus
563 678 618 696 bouae
627 677 732 696 voluntatis.

227 711 319 729 Dmcost
326 717 380 729 mort.
407 711 463 730 Orate
469 718 503 735 pro
510 717 555 735 pace
565 711 646 735 perfecta
652 714 671 729 et
678 711 752 729 amabili

200 742 221 754 ac
239 735 333 754 salutifera
347 738 366 754 et
381 736 500 760 Apostolica:
522 736 600 754 salutate
617 742 650 754 vos
666 736 751 754 invicem.

200 761 237 781 Qui
251 761 387 779 communicare
400 766 438 779 non
452 760 513 782 vultis,
527 760 625 779 discedite:
643 760 675 784 qui
688 763 751 779 autem

200 785 255 803 vultis
264 785 405 806 communicare,
415 785 545 809 amplectimini
558 785 635 803 invicem
644 785 662 803 in
671 785 751 809 plenitu-

200 810 242 828 dine
251 810 316 828 cordis.
341 810 378 830 Qui
386 810 520 831 conmunicat;
535 810 626 828 custodiat
634 816 654 828 se
662 816 674 828 a
682 810 737 828 malo.

225 843 318 861 sznnos
332 848 385 861 men.
412 843 428 861 0
443 843 532 864 Domine;
550 849 574 861 ex
587 842 702 867 beneplacito
716 845 750 861 tuo

199 868 255 892 imple
264 867 320 885 corda
330 869 393 885 nostra
404 873 450 892 pace
462 870 500 889 tua,
509 870 528 885 et
537 868 607 885 munda
618 873 652 885 nos
664 868 687 885 ab
699 867 749 886 omni

199 892 248 910 mala
259 892 376 916 cogitatione,
386 894 405 910 et
416 892 531 910 immunditia
540 894 559 910 et
567 892 590 910 ab
599 893 649 910 omni
661 892 750 910 memoria

199 916 311 940 injuriarum,
334 919 353 934 et
373 917 396 935 ab
419 917 469 935 omni
490 917 562 938 invidia,
583 919 602 934 et
622 916 750 935 recordatione

199 941 296 962 malorum,
306 947 348 965 quae
359 943 437 959 mortem
449 940 535 959 inferunt.
562 941 579 959 Ο
589 941 668 959 Domine
676 941 706 959 fac
715 947 750 959 nos

199 971 263 984 omnes
278 966 342 989 dignos
356 969 376 984 ut
390 966 491 984 salutemur
506 966 529 983 ad
544 966 623 984 invicem
639 966 750 984 salutatione

198 992 261 1008 sancta
274 993 293 1008 et
305 990 427 1011 immaculata,
443 993 461 1008 et
473 991 582 1014 recipiamus
596 990 635 1008 sine
647 990 717 1014 judicio
732 992 750 1008 et
