806 1298
188 122 231 135 xxx.
245 117 336 135 mean
349 116 366 134 S.
381 116 481 134 Muri-mi.
576 116 613 134 613

62 164 124 180 ratum
141 164 160 180 et
177 162 232 180 vitale
249 162 323 180 Domini
340 164 359 180 et
376 162 477 180 Servatoris
494 162 552 180 nostri
567 162 613 180 Jesu

63 187 130 205 Christi
144 187 194 211 quod
208 187 272 205 datum
284 189 313 205 est
323 187 342 204 in
355 187 480 205 remissionem
493 189 612 211 peccatorum

63 214 82 229 et
90 212 114 229 ad
123 212 179 230 vitam
188 214 276 230 aeternam
285 211 441 235 consequendam,
448 217 491 230 vere
499 211 613 230 sumentibus

63 236 129 260 ipsum,
136 237 202 254 Amen.
228 236 264 254 Hic
277 239 304 254 est
316 236 389 260 sanguis
401 236 475 254 Domini
486 238 504 254 et
513 236 613 254 Servatoris

63 261 122 279 nostri
133 261 178 279 Jesu
190 261 263 282 Christi,
273 263 353 282 sanctuS,
363 260 471 282 honoratus,
480 267 502 279 ac
513 261 614 282 vivificans,

63 286 95 309 qui
104 285 157 304 datus
166 288 193 304 est
202 286 220 303 in
230 285 353 303 remissionem
362 288 488 310 peccatorum,
498 288 517 304 et
525 285 549 304 ad
557 286 613 304 vitam

64 312 152 329 aetemam
171 310 327 334 consequendam,
347 316 390 329 vere
412 310 525 329 sumentibus
547 310 613 335 ipsum·

63 336 129 354 Amen.
155 336 202 353 Vere
219 335 255 353 hoc
271 337 298 353 est
315 341 392 359 corpus;
413 337 431 353 et
448 335 478 353 hic
496 338 524 354 est
541 335 614 360 sanguis

65 360 155 378 Emanuel
164 360 198 378 Dei
207 360 270 381 nostri,
280 360 344 378 Amen.
371 360 437 382 Credo,
444 360 512 382 Credo,
520 360 580 379 Credo
590 366 613 379 ex

64 391 114 403 nune
123 386 142 403 et
150 391 209 408 usque
217 385 235 403 in
245 385 345 406 soeculum3
359 385 424 403 Amen.
451 385 494 403 Hoc
503 387 531 403 est
541 391 614 409 corpus,

65 412 84 428 et
96 409 126 428 hic
140 412 167 427 est
180 410 254 433 sanguis
268 409 342 430 Domini
355 412 374 427 et
386 409 487 428 Servatoris
500 410 558 428 nostri
570 410 615 428 Jesu

64 434 137 455 Christi,
149 434 200 458 quod
212 436 231 452 et
244 439 299 458 quem
312 434 410 458 assumpsit
422 440 445 452 ex
461 435 539 452 Domina
552 436 616 453 nostra

63 461 133 480 sancta,
146 461 165 477 et
178 459 296 477 immaculata
308 459 377 483 virgine
391 459 456 480 Maria,
469 461 488 477 et
501 459 559 477 univit
572 465 614 477 cum

64 484 164 502 Divinitaie
179 484 219 502 sine
235 483 324 501 mixtione
342 485 374 501 aut
391 484 457 507 copula
474 484 558 505 naturali,
575 484 614 502 sine

63 508 178 533 separatione
191 510 224 526 aut
236 508 371 532 permutatione
386 508 494 530 Divinitatis,
507 514 562 532 quam
575 514 615 527 rem

63 535 140 551 testatus
151 535 178 551 est
189 533 260 557 optimo
272 533 383 554 testimonio,
392 535 475 557 tempore
487 533 547 551 Pontii
556 533 614 554 Pilati,

64 564 101 582 quo
118 564 138 576 se
153 560 220 582 sponte
236 557 315 582 praebuit
329 563 363 582 pro
378 558 432 576 nobis
446 558 465 576 in
482 558 532 582 ligno
551 560 617 580 sancto

63 583 128 604 crucis,
141 582 206 601 Amen.
232 583 299 603 Credo,
312 582 378 603 Credo,
390 582 451 601 Credo
463 583 515 606 quod
527 583 615 601 Divinitas

64 613 102 625 non
119 607 142 625 sit
159 609 243 631 separata
256 607 279 625 ab
298 607 425 629 Humanitate,
440 613 463 625 ne
479 607 525 625 hora
541 608 615 631 quidem

62 638 123 656 neque
132 638 165 656 per
173 632 232 650 ictum
244 632 304 650 oculi:
322 631 373 650 dedit
384 633 447 650 autem
455 638 474 650 se
483 638 516 656 pro
529 632 581 651 nobis
592 632 616 651 ad

64 657 142 675 salutem
154 659 173 675 et
185 657 205 675 in
217 656 343 675 remissionem
356 658 481 680 peccatorum,
494 659 513 675 et
524 657 548 675 ad
559 657 616 675 vitam

64 684 153 700 aetemam
162 681 318 705 consequendam,
327 681 441 699 sumentibus
450 687 493 700 eum
501 682 520 700 in
532 682 615 703 veritate,

62 707 128 725 Amen.
155 706 222 728 Credo,
236 706 304 728 Credo,
318 706 378 724 Credo
391 712 415 724 ex
428 712 478 724 nunc
493 709 511 725 et
525 713 583 731 usque
597 707 616 724 in

64 731 159 753 saec‘ulum,
175 731 240 749 Arnen.
273 731 321 749 Haec
338 731 377 755 ejus
394 733 437 749 sunt
455 731 486 755 qui
505 731 571 755 dignus
588 734 616 750 est

63 756 141 777 honore,
151 755 215 780 gloria,
225 758 244 774 et
252 756 359 774 reverentia*

90 789 134 810 Hic,
145 788 231 807 Sacerdos
240 789 292 807 sumit
304 795 366 813 corpus
375 792 392 807 et
403 789 519 812 Sanguinem,
527 792 545 807 et
553 792 617 813 postea

65 814 207 832 communicatem
213 813 272 831 eadem
278 813 341 835 hostia,
346 813 430 831 ministris
435 813 526 838 Sacrificii
531 821 538 835 ,¹
547 814 605 832 dicem
610 821 617 832 .·

66 838 109 856 Hoc
119 840 147 856 est
155 844 228 862 corpus,
239 838 270 856 διο.

93 872 186 890 ΒιᾼοοΝυε
198 877 258 889 meir:
276 871 332 889 Orate
343 877 377 895 pro
389 871 448 893 nobis,
457 874 476 890 et
486 877 521 896 pro
533 872 618 890 omnibus

55 896 138 920 .populis
152 896 266 917 Christianis,
278 898 297 914 et
309 896 382 914 illorum
397 896 504 914 memoriam
517 896 573 915 facite
586 896 617 920 qui

65 920 118 939 nobis
127 920 214 939 dixerunt
222 923 244 939 ut
252 921 280 939 sui
288 921 434 942 recordaremur,
441 921 515 939 laudate
521 923 540 939 et
546 921 618 945 psallite

67 951 109 963 cum
118 951 164 969 pace
173 947 192 963 et
201 951 263 963 amore
272 945 283 963 J
285 951 318 963 esu
327 945 399 964 Christi.

91 978 133 997 Hoc
151 978 188 997 loco
206 978 246 996 dum
267 978 379 997 *ministratur
398 979 531 997 Sacramentum
547 980 620 1003 populo,

59 1003 146 1028 psallunt
155 1003 202 1021 docti
216 1003 275 1027 aliqua
288 1003 367 1044 carrago
379 1004 397 1022 in
409 1004 491 1022 honorem
503 1004 619 1026 Socramenti,
