806 1298
185 105 222 124 606
259 106 324 124 Oomzx
337 106 459 124 Arocnn’nus
472 106 521 125 Novi
535 106 660 125 Tamum-n.

186 151 338 172 Patriarchaxum,
371 151 564 176 Archiopiscopmum,
596 152 743 176 Episcoporum,

186 176 313 197 Sacerdotum,
322 178 341 194 et
353 176 484 197 Diaeonorum,
493 176 525 200 qui
536 176 617 200 dirigunt
629 177 677 195 viam
688 177 744 195 verbi

187 201 237 224 quod
247 203 275 219 est
283 201 302 218 in
311 201 392 219 veritate.

212 239 266 257 Dion·
291 239 373 257 Porvnus
382 246 386 257 z
413 239 507 260 Miserere,
530 239 614 261 Domine,
636 240 744 257 animarum

187 269 282 282 servorum
294 266 369 282 tuorum
380 266 399 282 et
410 264 518 282 ancillarum
530 266 610 285 tuarum,
619 264 651 288 qui
661 264 744 282 mandu-

188 291 254 306 carunt
263 295 337 307 carnem
345 291 396 306 tuam
406 290 425 306 et
433 288 518 306 biberunt
530 291 584 307 tuum
596 289 712 313 sanguinem,
724 291 744 306 et

188 313 207 331 in
215 313 253 332 fide
262 316 294 332 tua
302 313 417 338 quieverunt.

215 350 287 368 ORA'no
299 356 442 369 Beuemc'noms.
468 351 563 370 SAcznnos
576 357 637 370 men-2
651 351 668 369 O
677 353 745 369 sancta

189 374 280 396 Trinitas;
302 376 362 397 Pater,
380 376 413 394 Fili
428 378 447 393 et
464 375 541 400 Spiritus
559 377 577 394 S.
592 376 668 394 benedic
686 382 745 400 super

189 399 279 423 populum
297 402 350 419 tuum
367 400 491 419 Christianum
511 401 592 419 electum
613 401 745 419 benedictione

190 424 270 445 coelesti3
284 427 303 442 et
309 425 361 444 mitte
370 431 425 449 super
431 431 465 443 nos
473 426 551 449 gratiam
558 425 634 450 Spiritus
641 426 659 443 S.
684 425 744 449 Aperi

190 449 244 467 nobis
255 449 304 467 fores
316 450 403 468 Ecclesiae
415 452 453 467 ωδε
465 452 541 471 sanctae,
552 452 628 474 propter
640 450 746 468 misericor-

190 473 239 492 diam
251 476 302 492 tuam
311 477 330 493 et
338 474 394 493 fidem
405 476 487 493 nostram
496 481 500 492 :
517 475 586 499 perfice
595 475 613 493 in
622 474 675 493 nobis
685 474 745 492 fidem

190 498 285 517 Trinitatis
296 505 355 523 usque
368 499 392 517 ad
405 502 509 517 extremum
523 499 612 523 spiritum,
627 500 644 517 O
656 499 745 523 princeps

191 525 255 541 noster
265 523 311 542 Jesu
324 524 402 545 Christe,
412 524 464 542 visita
475 523 569 542 infirmum
580 524 669 548 populum
682 526 745 545 tuum,

191 550 210 565 et
219 554 263 566 sana
272 554 320 567 eum.
346 549 408 572 Dirige
417 550 477 573 patres
486 551 558 567 nostros
567 551 586 567 et
594 548 660 567 fratres
668 550 745 566 nostros

191 572 335 596 peregrinantes,
344 573 400 592 reduc
413 579 444 591 eos
453 573 476 591 ad
488 573 535 591 lares
547 579 596 595 suos,
604 580 646 591 curn
656 573 716 591 salute
726 575 746 591 et

191 603 243 621 pace,
252 597 329 616 benedic
338 600 403 616 ventos
412 598 459 620 coeli,
468 601 487 616 et
495 598 566 622 pluvias
575 604 596 616 ae
608 598 680 616 fructus
689 600 745 616 terrae

192 623 287 646 praesentis
294 623 336 641 anui
344 629 377 647 pro
383 623 442 646 gratia
448 625 492 641 tua:
505 623 568 647 praebe
575 629 647 647 semper
655 623 745 646 gaudium

193 649 213 665 et
220 647 295 666 delicias
304 654 359 672 super
367 647 433 666 faeiem
442 650 496 666 terrae
506 650 525 666 et
536 648 635 666 corrobora
646 653 701 672 super
710 653 745 665 nos

192 677 258 714 Eacem
275 674 331 691 tuam.
363 673 422 691 Indue
440 673 496 691 corda
513 673 586 697 Regum
602 672 702 697 proborum
721 672 746 690 ad

206 696 346 715 enefaciendum
355 697 408 715 nobis
417 704 421 715 :
434 697 458 715 da
466 697 546 721 gratiose
558 697 648 715 honorem
659 696 746 721 principi-

193 721 228 739 bus
245 722 334 740 Ecclesiae
351 725 426 743 sanctae,
441 722 516 746 singulis
533 728 597 740 eorum
610 722 665 746 juxta
680 727 746 740 eorum

194 752 275 768 nomem
296 747 314 765 in
331 749 432 771 conspectu
450 747 521 771 Regum
539 747 649 771 potentium,
665 746 695 764 fan
712 752 746 764 eos

195 773 257 795 gratos
265 779 269 790 :
283 772 299 790 0
308 772 392 793 Domine,
401 772 464 796 praebe
473 772 556 796 requiem
567 771 663 790 animabus
672 773 746 795 patrum

195 798 214 814 et
224 796 302 815 fratrum
314 799 420 815 nostrorum
433 797 464 820 qui
476 797 495 815 in
506 798 557 814 recta
569 796 607 814 fide
620 796 714 814 dormiunt
727 798 746 813 et

196 821 304 845 quiescunt:
322 824 341 839 et
353 821 430 839 benedic
444 821 472 839 his
484 821 516 845 qui
529 821 614 839 laborant
625 821 673 839 circa
684 820 746 841 thura,

196 846 244 864 circa
253 846 347 868 sacrificia,
354 847 401 864 circa
410 846 480 867 vinum,
489 846 537 864 circa
546 846 614 867 oleum,
621 851 642 863 ac
651 846 747 869 butyrum,

196 873 215 888 et
227 870 275 889 circa
286 871 372 892 cortinas,
383 873 402 889 et
414 871 462 889 circa
473 871 528 889 etiarn
539 870 602 892 libros,
614 872 633 888 et
644 870 748 891 cathedras,

197 896 246 914 circa
257 902 286 914 res
299 902 362 914 ornnes
375 897 444 914 sanctae
457 895 551 917 Ecclesiae,
563 898 584 913 ut
596 895 650 913 Jesus
664 895 747 913 Christus

198 921 248 939 Deus
261 923 324 939 noster
337 923 465 938 remuneretur
478 926 509 938 eos
522 920 541 938 in
555 920 624 938 coelesti
638 919 746 938 Jerusalem.

198 945 286 964 Miserere
299 945 381 964 omnium
394 945 426 969 qui
439 945 534 963 nobiscum
550 945 654 968 congregati
668 946 711 962 sunt
724 944 747 962 ad

198 971 316 994 quaerendam
327 970 469 989 misericordiam
479 970 512 988 Dei
521 970 578 988 nostri
590 969 635 987 Jesu
647 969 720 991 Christi,
729 971 748 987 et

198 995 283 1014 omnibus
299 996 332 1014 illis
347 996 377 1019 qui
391 995 443 1013 nobis
457 995 593 1018 eleemosynam
608 994 716 1015 tribuerunt,
729 994 747 1012 in
