806 1298
182 110 217 127 624
256 110 320 127 Conex
334 110 454 127 Arocnri‘flus
469 110 517 127 Novr
531 109 655 128 Tesnmewrx.

183 156 242 174 omnis
255 159 314 174 coetus
326 156 426 180 justorum,
438 158 456 174 et
468 156 553 180 piorum;
567 158 588 174 ut
600 156 635 174 illis
650 156 732 180 quietem

183 180 257 201 tribuas,
266 180 300 199 illis
309 181 384 204 inquam
396 181 486 201 omnibus,
496 181 527 204 qui
536 187 547 198 a
556 181 608 199 nobis
619 181 698 205 profecti
707 181 734 199 ad

183 207 201 223 te
210 205 340 229 migraverunt,
350 208 368 223 et
379 205 402 224 ad
414 205 466 223 sedes
478 208 518 223 tues
529 205 592 224 beatas
603 207 733 230 pervenerunt.

184 230 235 251 Dele,
244 230 324 254 ignosce,
333 234 351 248 et
359 231 431 248 remitte
441 230 503 248 omnia
513 233 589 254 peccata
601 236 670 251 eorum,
680 232 733 252 nota,

183 258 202 272 et
218 255 287 279 ignota,
306 255 413 276 voluntaria,
430 258 449 273 et
465 255 592 276 involuntaria,
610 255 652 279 quia
669 255 731 273 nullus

182 280 231 297 visus
248 282 276 297 est
293 285 347 304 super
363 282 430 298 terram
449 279 517 303 absque
532 280 619 304 peccatis,
632 280 665 298 nisi
681 280 731 308 solus

183 304 273 322 Dominus
285 305 334 322 Deus
344 307 362 322 et
371 305 451 322 salvator
462 307 524 322 noster
533 304 587 323 Jesus
599 304 682 322 Christus
690 304 731 323 uni-

182 329 254 352 genitus
263 329 317 347 Filius
329 332 383 347 tuus:
400 335 433 353 per
445 335 499 353 quem
511 331 530 347 et
542 335 575 347 nos
588 329 730 347 misericordiam

183 354 270 377 consequi
283 360 382 378 speramus,
391 356 409 371 et
422 354 474 372 remis
476 354 546 372 sionem
557 356 675 378 peccatorum
687 360 729 378 quae

182 381 258 402 propter
267 384 308 396 eum
318 381 351 400 est
360 381 378 397 et
387 378 445 400 nobis,
454 381 473 396 et
481 379 529 402 ipsis

207 403 295 421 PonLvs.
322 403 407 423 Quietem
415 405 487 427 praesta.

208 428 306 446 SAcnnnos.
333 429 384 450 Dele,
395 428 479 450 Domine,
487 434 520 452 per
529 428 669 446 misericordiam
679 430 730 447 tuam

183 453 243 471 omnia
252 456 328 477 peccata
334 455 402 474 nostra,
409 456 428 471 et
436 453 516 474 illorum,
522 453 596 471 occulta
602 455 620 471 et
627 453 730 475 manifesta,

183 484 224 501 quae
237 478 286 496 solus
298 478 352 499 nosti,
360 484 437 502 nosque,
446 480 464 495 et
477 477 517 495 illos
529 478 593 501 dignos
605 477 664 499 effice,
673 480 694 496 ut
706 484 730 496 ex

183 503 219 520 vita
236 502 271 520 hae
288 503 383 527 temporali
403 503 501 526 migrantes
518 502 586 526 absque
603 504 680 526 peccato
697 505 730 521 aut

182 530 240 548 reatu,
254 530 322 545 stemus
338 533 399 545 coram
413 529 438 548 te,
452 529 470 545 et
486 533 528 545 cum
542 527 582 549 illis,
595 529 615 545 et
628 527 676 545 inter
691 533 729 549 eos,

179 557 285 570 mereamur
293 551 360 570 referre
367 552 399 569 tibi
406 552 482 575 gloriam
490 551 629 573 indesinentem,
636 554 655 570 et
661 551 730 575 festum

182 582 258 600 agamus
269 576 317 594 tibi
312 583 331 594 1n
343 576 414 594 choreis
425 576 570 600 triumphalibus,
578 577 631 595 illic*
626 583 645 594 in
654 577 691 594 vita
699 576 731 595 illa

181 601 242 630 longa,
251 601 353 625 temporali,
362 603 381 619 et
389 603 458 619 aeterna
471 603 618 619 commorantes:
635 601 682 619 utin
692 601 728 619 hoc

182 626 242 644 sicut*
237 632 256 644 m
265 626 349 644 omnibus
360 626 451 647 laudetur,
459 628 478 644 et
486 626 588 644 celebretur
599 632 667 644 nomen
675 628 729 644 tuum

181 652 261 669 maxime
286 651 421 672 honorandum,
445 653 464 669 et
489 651 612 673 benedictum,
637 651 729 675 simulque

181 676 255 694 Domini
265 676 323 694 nostri
332 676 376 694 Jesu
385 675 458 697 Christi,
467 677 486 693 et
495 675 571 700 Spiritus
580 676 607 694 tui
616 676 679 694 sancti.

207 701 294 719 Poruws.
319 701 350 718 Ut.

206 725 305 744 SAcznoos.
331 725 375 743 Pax.

206 750 294 769 Porticus.
320 750 345 768 Et
353 756 395 768 cum
405 750 468 774 spiritu
476 752 515 768 tuo.

205 775 303 793 SAcnnnos.
329 775 373 793 Sint.

206 800 293 818 Popuws.
320 800 344 818 Et
353 805 395 818 cum
404 799 467 824 spiritu
476 801 514 818 tuo.

206 825 233 842 ΕΤ
242 830 296 843 mcx-r.
323 824 423 843 Credimus.

206 849 305 868 Ducarius.
331 849 401 868 Iterum
410 852 465 873 atque
474 849 546 868 iterum.

235 874 321 893 Sacer-doe
329 874 371 892 dicit
382 874 483 893 Orationem
492 877 532 892 ante
541 874 595 892 Pater
603 877 670 892 noster.

205 899 255 917 Deus
262 900 317 917 Pater
322 899 429 920 misericors,
436 901 454 916 et
460 899 543 923 benigne,
550 899 605 920 bone,
611 899 727 923 longanimis,

179 923 279 945 miserator,
288 926 306 942 et
315 924 373 942 mitis:
387 930 443 948 quern
454 924 538 945 adorant,
547 926 565 942 et
571 923 649 942 laudant
660 924 726 947 Angeli

179 950 199 966 et
206 949 325 977 Archangeli,
337 951 356 966 et
367 954 431 967 omnes
444 948 521 966 Ordines
533 948 615 967 materiae
628 950 726 972 expertes:

180 979 211 996 qui
224 973 342 992 ministerium
356 973 392 991 hoc
407 973 488 991 divinum
502 973 611 994 sanctificas,
622 976 641 991 et
653 972 726 1001 perficis

179 998 268 1020 absolute,
274 998 374 1016 seeundum
381 998 515 1022 beneplacitum
522 1000 581 1020 tuum,
587 1000 606 1016 et
610 1004 643 1022 per
648 997 724 1022 gratiam
