806 1298
198 119 355 138 xx1x.L=was1A
368 120 386 138 S
399 119 496 138 Jonmms.
587 121 624 140 579

72 165 115 187 hoc,
127 167 146 183 et
158 165 208 183 hunc
222 166 329 189 sanguinem
341 166 413 187 bibetis,
426 168 506 184 mortem
520 172 580 192 meam
593 173 625 185 an-

72 190 182 208 nunciabitis
190 190 249 208 donec
259 190 336 209 veniam.

98 215 187 233 Popuws.
213 215 280 233 Mortis
288 217 331 237 tuae,
340 215 425 237 Domine,
431 216 538 233 memoriam
548 216 625 240 agimus,

73 240 105 258 διε,

98 264 207 282 SAcennos.
223 264 423 283 Commemorationem
436 265 575 289 dispensationis
588 268 625 283 tuae

74 289 158 307 salutaris
170 288 265 311 facientes,
278 289 361 307 Christe
364 290 414 308 Deus
427 293 495 311 noster,
507 290 626 318 imploramus

73 316 91 332 et
105 314 226 338 deprecamur
238 314 339 332 bonitatem
354 316 411 336 tuam,
425 316 447 333 ut
461 320 518 338 quum
531 315 593 333 venies
606 315 624 333 ῖιι

73 339 132 363 gloria
141 345 183 357 cum
192 339 267 362 Angelis
274 339 310 357 tuis
319 339 391 361 sanctis,
400 342 419 357 et
428 339 528 357 constitues
537 339 626 358 thronum

74 363 137 387 gloriae
158 366 202 385 tuae,
218 364 350 388 praecipiesque
368 366 429 385 terrae,
446 367 467 382 ut
483 364 542 388 pariat
560 370 625 382 omnes

75 388 173 406 defunctos
182 388 204 406 ad
212 388 298 407 standum
307 394 369 406 coram
378 391 396 407 te
405 389 423 406 in
433 389 498 407 timore
507 392 526 407 et
534 391 613 407 tremore
621 395 625 406 τ

75 419 131 437 quum
146 412 244 431 collocabis
255 419 313 437 agnos
325 413 348 431 ad
360 413 456 431 dexteram
467 416 518 431 tuam
530 413 627 432 ethoedos

75 437 99 455 ad
111 437 202 455 sinistram
215 440 271 459 tuam,
283 440 302 455 et
314 438 403 462 unusquis
417 444 440 456 ue
452 438 566 462 exspectabit
577 444 627 456 com-

75 464 169 486 petentem
181 462 214 480 sibi
226 462 371 483 retributionem,
382 465 400 480 et
426 462 516 480 abitacula
527 463 560 481 sibi
573 463 627 481 desti-

75 490 129 505 nata:
143 492 167 504 ne
174 486 252 505 Domine
259 487 355 505 audiamus
362 493 372 505 a
379 490 397 505 te
405 493 470 505 vocem
477 487 525 505 illam
535 487 626 508 acerbam,

75 515 93 530 et
105 511 230 529 mortiferam:
246 517 270 529 ne
283 511 332 529 dicas
345 511 404 532 nobis,
418 511 502 533 Domine,
516 512 604 530 Recedite
616 518 627 529 a

76 542 105 554 me
117 536 215 557 maledicti,
224 536 272 554 abite
281 536 299 554 in
306 536 373 560 iguem,
388 536 432 560 quia
443 542 477 560 ego
489 542 526 554 non
536 537 579 554 novi
588 542 626 554 vos⁴

77 561 112 582 Ne,
129 561 214 582 Domine,
229 561 285 579 simus
302 561 356 579 alieni
373 567 384 579 ει
398 560 521 579 familiaritate
538 563 583 579 tua:
604 567 627 579 ne

76 588 154 607 avertas,
167 585 252 606 Domine,
264 585 330 604 faciem
342 588 393 603 tuam
405 592 416 604 a
427 586 492 604 nobis:
511 592 534 604 ne
545 586 627 610 aspicias,

77 610 163 631 Domine,
170 616 205 628 nos
217 610 332 634 indignanter
344 610 363 628 in
374 610 401 628 ira
411 617 414 628 :
432 616 462 631 ne,
471 610 557 632 Domine,
565 616 628 629 ascen-

76 635 122 653 dant
130 637 207 659 peccata
215 637 234 652 et
243 635 319 653 crimina
328 637 391 653 nostra
400 635 418 653 in
428 641 460 653 cor
469 637 522 653 tuum
531 638 615 653 sanctum
623 642 626 653 :

76 666 106 681 ne,
116 660 201 681 Domine,
207 660 264 678 intres
270 660 289 677 in
296 659 386 683 judicium
396 660 503 678 nobiscum:
516 666 577 684 neque
584 666 627 684 agas

77 691 120 709 erga
129 690 169 705 nos,
176 686 264 708 tanquam
274 690 317 708 erga
326 690 358 702 eos
367 690 446 708 quorum
455 690 500 713 spes*
505 685 582 713 praecisa
590 688 626 702 est:

77 715 138 733 neque
147 709 236 727 ultionem
246 709 303 727 facias
311 709 334 727 de
346 709 404 731 nobis,
414 709 464 733 quasi
476 709 558 728 inimicis.
584 709 627 727 Non

78 737 167 758 tanquam
187 734 255 752 alienos
275 734 352 758 repellas
372 740 418 752 nos.
440 740 463 752 ne
483 734 568 758 projicias
588 740 627 755 neS,

79 759 163 787 Domine,
180 765 191 777 a
208 758 255 777 facie
276 761 314 780 tua,
332 759 362 783 qui
383 764 451 777 nomeu
471 760 523 777 tuum
544 761 628 777 sanctum

79 784 204 808 cognovimus,
222 786 240 801 et
258 783 371 801 divinitatem
391 785 442 802 tuam
463 783 541 801 confessi
561 789 629 801 sumus.

79 808 115 827 Sed
124 808 153 826 fac
163 808 258 826 nobiscum
270 808 371 826 secundum
384 808 513 832 promissiones
522 810 563 826 tuas
572 814 630 829 veras,

80 836 98 852 et
107 839 144 851 non
153 833 240 851 fallaces:
254 832 325 851 dimitte
334 832 401 851 delicta
413 835 482 854 nostra,
491 832 581 857 propitius
589 835 629 851 esto

79 858 160 883 peccatis
168 858 246 876 nostris·
261 859 279 875 et
291 857 320 875 fac
332 857 474 876 misericordiam
487 863 542 882 super
553 857 630 876 haeredi—

80 885 138 901 tatem
147 885 204 903 tuam,
209 884 227 900 et
234 888 289 906 super
296 888 339 900 oves
345 888 419 906 pascuae
425 884 468 903 tuae,
474 882 630 906 quemadmodum

80 908 171 932 poenitens
184 907 267 925 Ecclesia
280 909 312 925 tua
325 907 416 931 supplicat
428 907 466 928 tibi,
477 910 495 925 et
507 909 569 925 tecum
581 907 631 925 Patii

81 938 119 953 zuo,
128 932 196 950 dicens.

106 957 192 976 Poruws.
219 956 306 975 Miserere
316 956 378 975 nostri.

106 982 206 1000 SAcmznos.
232 981 272 1000 Nos
281 987 360 1005 quoque.

107 1007 194 1025 Porticus.
220 1006 247 1024 Te
256 1006 358 1024 laudamus.
