806 1298
180 104 211 119 506
286 103 341 119 Conzx
352 103 458 123 chnirnus
470 103 513 119 Novi
524 103 631 120 Twnmmn.

181 147 310 165 admiratorem
325 149 344 165 et
357 149 460 167 amatorem
471 153 516 168 esse,
530 147 624 171 permittes
637 150 699 166 tamen
712 151 732 166 te

183 178 220 190 non
237 172 285 193 laedi,
302 172 334 190 sed
351 172 450 190 admoneri.
483 172 530 190 Puto
551 172 600 190 enim
617 175 636 190 te
652 172 733 196 graviter

182 196 253 218 fecisse,
262 197 313 221 quod
321 197 339 214 in
350 196 435 215 notitiam
447 196 528 221 perferre
541 197 619 219 voluisti,
627 197 678 221 quod
689 197 732 215 ritui

182 225 201 240 et
210 222 310 246 disciplinae
319 221 358 245 ejus
367 222 390 240 sit
398 222 516 243 contrarimn,
523 228 581 246 quum
588 224 607 240 et
613 222 643 240 ille
650 222 733 246 gentium

184 247 234 265 Deos
247 246 301 265 colat.
327 246 376 266 Quid
389 246 421 264 tibi
434 246 492 264 visum
506 247 534 268 sit,
548 249 569 265 ut
581 246 617 265 hoc
631 253 673 265 eum
686 247 733 265 scire

183 271 245 293 velles,
255 277 293 289 non
306 271 365 289 video.
391 271 428 289 Sed
440 271 496 289 nimio
510 277 572 289 amore
585 277 627 290 meo
639 272 700 290 facere
713 274 732 290 te

183 296 219 314 hoc
228 296 318 314 existimo.
344 296 398 319 Rogo
405 298 424 313 te
431 295 454 314 de
462 295 532 317 futuro,
540 302 563 314 ne
569 296 588 314 id
595 302 643 320 agas,
661 297 733 315 Caven-

184 321 228 339 dum
240 323 268 338 εει
279 321 334 341 enim,
343 326 373 341 ne,
382 320 426 338 dum
438 326 468 338 me
479 320 544 344 diligis,
553 320 643 339 offensam
652 321 733 339 Domino

182 345 239 363 facias
246 352 250 363 :
264 345 316 369 cujus
323 345 397 369 quidem
403 344 475 363 offensa
480 351 514 363 nec
521 346 580 363 obex-it
585 346 600 363 si
605 347 734 370 perseveravit,

183 376 244 394 neque
256 370 270 388 si
282 376 319 388 non
331 370 360 391 sit,
368 369 455 394 proderit.
481 370 499 388 Si
508 372 536 388 est
547 371 616 394 regina,
625 377 663 389 non
675 371 734 395 indig-

185 395 268 416 nabitur:
282 395 296 413 si
305 394 370 412 mulier
379 396 413 416 est,
422 394 532 413 offendetur.
559 395 609 413 Bene
619 396 664 414 vale.

284 432 302 451 9,
315 432 373 450 Paulo
382 432 460 450 Annoeus
469 432 535 450 Seneca
544 432 629 451 Salutem.

210 462 252 480 Scio
262 464 281 480 te
287 467 325 480 non
333 464 371 479 tam
378 461 414 479 mei
423 467 479 479 causa
487 464 601 480 commotum
607 462 675 480 literis:
701 468 734 480 uas

184 487 208 505 ad
222 489 241 505 te
256 487 279 505 de
295 486 375 504 editione
388 486 507 510 epistolarum
521 489 594 504 tuarum
609 487 677 505 Caesari
700 487 734 508 eci,

185 518 240 536 quam
252 513 319 529 natura
332 517 405 529 rerum:
422 517 464 534 quae
477 511 503 529 ita
516 513 587 529 mentes
600 511 697 530 hominum
711 511 734 530 ab

184 536 269 554 omnibus
284 535 353 553 artibus
367 538 386 553 et
400 535 481 553 moribus
495 537 577 557 revocat,
591 538 612 554 ut
625 542 663 554 non
679 536 734 554 hodie

184 561 262 579 admirer
270 567 274 578 z
288 560 356 584 quippe
363 562 384 578 ut
392 560 408 578 is
417 560 448 584 qui
457 560 519 578 multis
528 560 643 579 documentis
651 561 687 579 hoc
694 561 733 585 jam

184 585 298 604 notissimum
307 585 389 603 habeam.
417 585 476 608 Igitur
484 591 531 603 nove
540 591 622 609 agamus,
630 587 657 607 tu,
666 586 680 604 si
689 586 734 610 quid

184 610 238 628 facile
255 610 274 628 in
292 610 405 634 praeteritum
425 611 486 627 actum
504 612 537 631 est,
554 610 625 628 veniam
641 610 734 634 irrogabis.

185 635 228 653 Misi
245 635 278 653 tibi
295 635 361 653 librum
376 634 399 652 de
415 634 513 653 verbomm
528 635 587 659 copia.
612 635 664 657 Vale,
679 635 735 654 Paule

184 660 293 678 charissime.

319 693 347 711 10.
360 692 428 710 Paulus
437 692 507 711 Senecoe
516 693 600 711 Salutem.

209 721 286 742 Quoties
299 721 331 740 tibi
344 721 404 739 scribo
416 723 435 739 et
447 727 515 739 nomen
528 727 590 740 meum
603 722 635 740 tibi
648 722 733 746 praefero,

183 753 257 771 gravem
266 749 285 765 et
293 749 349 765 sectae
360 752 407 764 meae
418 746 539 770 incongruam
550 752 590 764 rem
601 746 660 765 facio:
674 747 733 766 debeo

184 772 239 793 enim,
253 774 274 790 ut
287 777 336 795 soepe
350 770 444 795 professus
457 777 504 793 sum,
518 777 560 789 cum
574 772 659 790 omnibus
672 773 735 790 omnia

184 803 230 818 esse,
238 799 257 814 et
267 796 316 814 idem
327 796 424 814 observare
436 796 454 814 in
466 798 517 814 tuam
528 802 631 820 personam,
641 797 692 821 quod
703 797 734 815 lex

184 822 269 839 Romana
275 821 341 839 honori
348 820 426 838 Senatus
433 821 550 842 concessen't,
555 821 624 839 scilicet
630 822 649 839 in
656 822 734 846 epistola

183 846 268 864 ultimum
282 845 344 863 locum
357 845 430 869 eligere,
443 851 466 863 ne
479 851 522 863 cum
535 846 598 870 apuria
610 849 629 864 et
642 846 733 865 dedecore

183 871 256 895 cupiam
263 870 343 891 efficere,
347 869 398 893 quod
404 870 440 887 mei
447 870 515 888 arbitrii
520 870 581 889 fuerit.
603 871 648 889 Vale
655 871 734 890 devotis-

183 896 227 914 sime
234 895 325 919 magister.
352 895 400 913 Data
407 895 471 918 quinto
477 895 595 913 calendarum
601 896 612 913 J
614 896 651 918 ulii,
657 896 733 915 Nerone

183 921 209 939 IV
218 922 237 938 et
246 920 326 938 Messala
334 919 446 937 consulibus.

282 953 310 971 11.
324 952 382 971 Paulo
391 952 469 970 Annoem
478 953 545 971 Seneca
554 953 638 971 Salutem.

207 983 252 1003 Ave,
258 982 282 1000 mi
292 982 348 1000 Paule
357 981 469 1000 charissime.
496 982 514 1000 Si
523 982 566 1000 mihi
575 982 683 1007 nominique
691 989 733 1001 meo
