806 1298
157 117 191 129 xvr,
214 112 299 128 Mummi
310 117 331 128 m:
342 117 375 129 Aer.
387 117 420 129 rm&
430 118 449 129 ιτ
460 117 507 129 nun
519 118 570 129 Atos-r.
603 113 635 129 485

87 161 121 173 nos
129 159 192 173 autem
199 155 249 174 nulla
258 155 309 180 signa
317 155 399 174 videntes
408 155 498 174 credimus
508 155 608 174 Dominum

87 180 143 202 hunc,
150 186 204 205 quem
212 186 244 199 vos
251 186 289 199 non
296 180 392 199 credentes
398 180 535 205 dereliquistis?
560 180 608 199 Haec

87 208 106 224 et
114 205 142 223 his
150 205 215 224 similia
223 205 376 224 contendentibus
382 205 429 224 dixit
434 206 528 230 apostolus
533 205 608 227 Paulus,

88 233 100 240 “
106 231 149 249 Non
155 230 221 249 debere
227 237 258 249 eos
262 230 295 249 has
301 231 428 249 contentiones
433 231 480 249 inter
486 237 505 249 se
510 230 608 255 suscipere,

86 255 119 274 sed
127 255 163 274 hoc
170 256 227 280 magis
234 255 335 277 attendere,
344 256 387 280 quia
395 255 506 280 complesset
518 256 608 274 Dominus
615 258 620 266 ⁵

86 281 176 305 promissa
184 287 222 302 sua,
231 287 274 305 quae
279 281 348 305 juravit
356 281 379 299 ad
387 281 480 299 Abraham
488 283 560 305 patrem
566 287 608 299 nos—

86 308 142 327 trum,
153 305 202 330 quod
215 306 233 324 in
247 306 316 324 semine
328 306 367 330 ejus
379 305 531 324 haereditarentur
543 311 607 324 omnes

85 334 162 355 gentes:
176 337 213 349 non
227 334 255 349 est
267 331 316 349 enim
329 337 449 356 personarum
462 331 546 356 acceptio
558 331 607 356 apud

86 356 193 378 Dominum,
200 356 305 380 quicunque
311 356 384 375 enimin
391 356 431 380 lege
437 356 536 381 peccdsset,
543 362 607 374 secun-

87 381 131 399 dum
146 381 207 406 legem
217 381 343 406 judicaretur;
357 381 388 406 qui
403 387 446 400 vero
459 381 497 400 sine
510 381 550 405 lege
563 381 607 399 deli-
614 384 626 392 ¹⁰

86 407 174 430 quissent,
187 406 226 425 sine
238 406 279 431 lege
292 406 382 431 perirent3
396 408 424 424 est
437 406 486 425 enim
494 406 513 424 in
522 406 606 425 humanis

87 431 169 450 sensibus
178 433 230 450 tanta
238 432 330 453 sauctitas,
340 433 362 450 ut
373 432 423 450 bona
433 431 496 450 laudet
506 433 577 453 natura,
589 433 608 450 et

85 456 150 481 puniat
159 456 213 478 mala,
221 463 263 481 quae
272 457 320 475 inter
327 463 347 475 se
355 457 433 475 invicem
442 456 567 481 cogitationes,
575 459 607 475 aut

84 484 192 500 accusantes
199 482 268 506 puniat,
277 484 309 500 aut
317 484 422 500 remuneret
431 482 556 500 excusantesl'

111 507 165 528 Haec,
174 509 193 525 et
199 507 228 525 his
237 506 301 525 similia
309 507 367 525 Paulo
375 506 453 528 dicente,
464 506 534 525 sactum
543 508 577 528 est,
584 508 606 524 ut
613 508 625 517 ¹⁸

84 532 161 556 mitigati
167 531 298 554 essentJudaei‚
303 534 395 556 etgentes,
399 531 432 550 sed
435 531 526 556 principes
531 531 606 550 Judaeo-

84 563 125 575 rum
130 557 242 575 insistebant.
256 557 321 575 Petrus
327 563 370 575 vero
375 557 410 578 his,
414 557 446 581 qui
451 562 493 575 eum
497 556 604 581 arguebant,

98 582 135 600 uod
143 582 240 606 synagogis
250 588 315 600 eorum
325 582 448 604 interdiceret,
460 581 511 603 dixit,
519 584 531 592 “
537 581 605 600 Audite

92 609 150 625 ratres
159 607 177 626 S.
186 607 274 631 Spiritum
282 607 420 632 promittentem
425 606 534 631 patriarchae
540 606 605 629 David,

85 632 135 656 quod
147 632 170 650 de
181 632 244 651 fructu
255 632 324 651 ventn's
336 632 375 654 eius
386 634 464 657 poneret
475 638 530 656 super
542 631 604 650 sedem
611 634 623 642 ¹⁴

84 663 142 675 suam.
169 657 225 676 Hunc
234 663 284 682 ergo,
291 657 321 676 cui
333 657 379 676 dixit
390 657 445 675 Pater
451 657 474 675 de
483 657 540 678 coelis,
548 657 605 675 Fiam

83 689 130 700 meua
138 689 156 700 es
161 685 186 704 tu,
191 689 224 711 ego
233 683 284 701 hodie
291 683 346 707 genui
352 685 374 704 te,
379 682 429 701 hunc
435 682 566 701 crucifixerunt
571 688 605 706 per

84 707 170 726 invidiam
178 708 270 732 prmcipes
278 707 400 726 sacerdotum.
413 707 440 726 Ut
448 707 532 732 impleret
541 709 603 725 autem

83 732 229 757 redemptionem
236 733 357 751 necessariam
363 732 438 754 saeculo,
445 732 526 757 permisit
535 738 554 750 se
563 732 603 750 haec

84 757 146 776 omnia
151 757 246 779 sustinere,
254 760 276 776 ut
283 758 330 776 sicut
338 757 419 776 ex'costa
427 757 473 776 Adae
482 757 570 775 fabricata
576 759 604 775 est
611 759 623 767 ¹³

85 782 130 804 Eva,
147 782 172 801 sic
187 789 210 801 ex
223 782 280 801 latere
298 783 364 801 Christi
378 783 397 801 in
411 788 464 801 cruce
478 782 533 806 positi
550 782 605 800 fabri-

85 810 157 826 caretur
165 808 248 830 ecclesia,
260 814 302 832 quse
315 814 352 826 non
361 808 436 826 haberet
445 807 535 825 maculam
544 813 605 831 neque

83 838 154 857 rugam.
179 832 236 851 Hunc
246 833 296 851 Deus
304 833 374 852 aditum
387 832 458 857 aperuit
470 832 554 850 omnibus
562 831 604 850 filiis

83 857 182 879 Abraham,
192 858 249 880 Isaac,
258 860 277 876 et
285 858 349 880 Jacob,
357 860 378 876 ut
387 858 423 876 sint
434 858 452 876 in
465 857 502 876 fide
515 857 604 879 ecclesiae,

84 885 102 901 et
111 889 148 901 non
155 882 174 900 in
180 882 287 901 infidelitate
292 889 397 908 synagogae.
416 882 546 901 Convertimini
553 888 603 906 ergo,
610 885 622 893 '¹²

83 910 102 926 et
116 908 183 926 intrate
195 908 214 926 in
227 908 315 932 gaudium
327 908 406 927 Abrahae
419 908 475 932 patris
488 907 548 929 vestri,
561 907 604 931 quia

84 933 134 957 quod
148 932 165 951 ei
180 933 262 957 promisit
277 933 395 958 adimplevit:
404 938 406 940 ’
414 933 464 951 unde
479 935 497 951 et
512 932 604 957 Propheta

85 958 147 977 canit:
160 958 232 976 Iuravit
240 958 332 980 Dominus,
343 961 361 977 et
369 965 403 977 non
410 958 500 983 poenitebit
508 964 552 979 eum,
561 960 579 976 tu
587 964 605 976 es

84 983 171 1002 Sacerdoae
176 983 194 1001 in
198 986 288 1005 aeternum,
292 984 384 1002 seeundum
388 984 465 1002 ordinem
470 983 604 1001 Melchisedech.

85 1008 173 1027 Sacerdos
188 1008 236 1027 enim
251 1009 269 1027 in
281 1014 335 1027 cruce
349 1008 409 1027 iactus
424 1010 457 1030 est,
473 1014 530 1032 quum
545 1008 604 1026 hostia
611 1010 623 1018 ’¹
