806 1298
124 117 158 129 xvxi
180 113 267 129 Mannum
280 117 300 128 na
312 110 345 128 scr.
358 116 390 128 rw.
402 116 421 127 m
432 117 477 127 mnu.
489 116 540 128 nou-i
574 112 605 127 48⁹

59 157 110 178 meis,
115 159 137 174 ut
141 156 215 174 veniant
221 158 240 174 et
246 155 337 173 vindicent
344 161 373 173 me
377 155 455 173 deistol'
460 155 524 173 Petrus
530 156 582 178 dixit,

59 184 70 192 “
78 182 121 199 Non
139 181 194 199 timeo
208 180 283 204 angelos
296 183 349 201 tuos;
373 180 398 198 illi
416 182 478 198 autem
495 184 583 205 poterunt

59 212 89 224 me
102 206 166 224 timere
181 206 199 224 in
215 206 288 226 virtute,
301 208 320 223 et
333 204 445 223 confidentia
458 205 468 223 J
471 211 503 223 esu
516 205 583 224 Christi

60 231 134 249 Domini
151 231 193 252 mei,
211 236 266 254 quem
284 236 323 248 esse
341 230 438 248 mentitis?
464 230 514 248 Nero
532 230 583 252 dixit,

59 259 71 266 “
79 256 122 274 Non
132 256 190 277 times,
198 256 257 276 Petre,
264 255 363 276 Simonem,
369 255 401 278 qui
411 254 524 273 divinitatem
531 262 582 274 suam
590 259 595 266 ‘

59 281 115 299 rebus
124 280 223 298 adfirmat.”
249 280 314 298 Petrus
321 279 373 300 dixit,
382 282 394 289 “
401 279 490 298 Divinitas
496 280 514 298 in
522 286 544 298 eo
550 283 584 302 est,

60 306 92 330 qui
101 305 161 324 cordis
170 305 246 323 rimatur
254 310 325 323 areana.
351 304 370 322 Si
379 310 424 328 ergo
434 304 522 323 Divinitas
529 308 557 323 est
565 306 584 324 in

60 331 102 352 isto,
116 330 164 348 dicat
177 336 227 348 nunc
240 330 284 348 mihi
298 329 341 353 quid
355 329 423 353 cogito,
436 329 465 347 vel
478 330 522 354 quid
531 330 585 349 facio.

60 355 122 375 Quam
128 355 257 379 cogitationem
263 361 323 372 meam
330 356 372 372 ante
380 360 436 378 quam
445 354 474 373 hic
480 355 585 377 mentiatur,

59 381 111 404 prius
119 380 155 398 tuis
164 380 238 398 auribus
250 380 330 400 insinuo,
343 381 364 397 ut
377 385 414 397 non
428 379 495 398 audeat
507 381 584 398 mentire
593 383 604 391 ¹·

61 405 105 429 quid
112 405 188 429 cogito?
206 405 256 423 Nero
262 404 314 425 dixit,
339 406 350 414 “
357 404 390 422 Dic
398 404 442 422 mihi
450 405 494 428 quid
501 405 585 429 cogitas?¹

61 430 126 448 Petrus
135 430 186 451 dixit,
196 432 207 439 ‘¹
214 429 224 447 ,1
227 430 262 447 ube
271 429 315 447 mhi
325 428 385 446 afferri
393 435 460 453 panem
468 430 585 452 hordaceum,

62 457 81 473 et
90 454 163 473 occulte
184 454 237 472 dari.”
262 454 363 477 Quumque
384 453 420 472 hoc
428 454 503 477 jussum
520 455 586 473 fuisset

61 479 129 501 afferri,
139 482 158 497 et
166 479 204 497 dari
210 479 272 500 Petro,
279 481 355 502 accepto
362 484 410 502 pane
415 478 475 502 fregit,
484 482 502 497 et
509 479 586 498 abscon-

61 504 88 523 dit
101 505 135 522 sub
148 504 220 522 manica
233 510 271 525 sua,
281 506 299 521 et
308 503 354 521 dixit
363 503 438 524 Petrus3
453 506 465 513 ‘¹
473 504 526 522 Dicat
535 510 584 523 nunc
593 508 604 515 ¹¹

61 529 105 553 quid
115 529 200 553 cogitavi,
209 528 253 552 quid
262 528 338 549 dictum,
347 528 414 551 quidve
425 528 511 547 factum.”
537 529 587 547 Nero

62 554 113 576 dixit,
127 554 176 572 “Vis
190 559 233 577 ergo
246 556 268 572 ut
281 553 360 574 credam,
374 553 417 577 quia
426 553 466 572 haec
476 554 539 572 S'mon
548 561 586 573 nou

62 579 140 603 ignorat,
158 579 189 602 qui
207 581 225 596 et
242 581 336 596 mortuum
350 578 449 599 suscitavit,
463 581 481 596 et
494 585 513 596 se
526 579 586 603 ipsum

62 604 174 622 decollatum
179 606 222 627 post
227 603 275 621 diem
280 603 355 621 tertium
362 604 505 626 repraesentavit,
511 607 529 622 et
537 605 588 628 quic-

62 629 106 653 quid
124 628 170 646 dixit
183 630 204 646 ut
217 628 292 649 faceret,
305 628 364 646 fecit.”
389 628 455 646 Petrus
468 628 519 650 dixit,
532 631 543 639 “
551 629 587 647 Sed
595 632 607 639 Μ

63 659 126 672 eoram
138 660 168 671 me
182 659 219 671 non
232 653 291 671 fecit?
317 652 367 670 Nero
377 653 429 675 dixit,
442 656 454 664 “
462 653 494 671 Me
503 654 587 672 adstante

63 678 103 697 haec
114 678 176 697 omnia
186 677 235 699 fecit,
245 684 288 696 nam
294 680 313 695 et
318 678 393 702 angelos
397 677 451 701 jussit
460 678 483 696 ad
492 685 511 696 se
521 679 590 700 venire,

63 706 82 722 et
92 704 196 722 venerunt.’¹
222 703 287 721 Petrus
298 703 350 723 dixit,
365 705 377 712 “
384 703 434 727 Ergo
447 703 462 722 si
471 703 520 727 quod
530 704 588 722 maxi-

63 734 114 746 mum
128 730 156 746 est
168 728 218 749 fecit,
231 734 288 752 quare
301 728 352 751 quod
363 728 424 746 minus
438 731 465 746 est
478 734 515 746 non
529 728 588 747 facit?

64 753 113 771 dicat
120 753 164 777 quid
170 753 293 776 cogitaverim,
299 755 318 771 et
327 752 370 776 quid
380 752 471 771 fecerim.’'
479 753 529 771 Nero
535 754 587 774 dixit,
594 757 606 764 ‘³

64 780 76 788 “
84 778 133 798 Quid
146 778 190 796 dicis
204 778 282 795 Simon?
295 783 330 801 ego
343 783 373 795 me
386 777 434 795 inter
447 784 479 796 vos
492 784 530 796 non
546 784 589 796 con-

64 803 134 821 venio.”
159 803 223 820 Simon
241 802 294 823 dixit,
314 804 326 812 ⁴‘
334 802 397 820 Petrus
419 802 469 821 d'eat
491 803 535 826 quid
554 809 588 827 ego

65 828 160 852 cogitem.”
186 827 251 845 Petrus
260 827 360 851 respondit,
370 829 381 837 “
388 827 438 847 Quid
448 828 516 852 cogitet
525 828 589 846 Simon

64 858 94 870 me
110 852 156 870 scire
170 852 248 873 docebo,
264 852 309 870 dum
324 852 399 870 fecerim
413 852 456 876 quid
469 853 590 876 cogit-„werin”

64 877 129 895 Simon
136 877 188 898 dixit,
193 879 204 887 “
211 877 254 895 Hoc
258 877 304 895 scias
309 877 414 901 imperator,
420 877 463 901 quia
469 878 590 901 cogitationes
598 881 610 888 '⁰

64 902 161 920 hominum
179 907 234 919 nemo
252 902 309 923 novit,
327 902 361 920 nisi
374 908 422 920 unus
436 902 500 920 Deus.”
526 902 591 920 Petrus

64 927 117 948 dixit,
126 929 138 937 “
144 927 174 945 Tu
180 932 230 950 ergo,
236 927 267 950 qui
272 926 331 944 filium
339 926 373 944 Dei
380 929 398 944 te
404 933 443 945 esse
452 927 502 948 dicis,
512 927 540 945 dic
547 928 591 951 quid

65 952 153 976 cogitem,
167 951 218 975 quod
230 951 306 969 fecerim
319 951 375 969 modo
388 951 407 969 in
421 952 502 973 occulto,
516 952 530 970 si
539 955 592 976 potes

65 977 164 1001 exprime?
190 976 255 994 Petrus
264 977 312 994 enim
326 976 446 995 benedixerat
454 983 527 1001 panem,
539 984 594 1001 quern

67 1004 164 1026 acceperat
178 1001 296 1023 hordaceum,
309 1004 328 1019 et
340 1001 426 1025 fregerat,
436 1004 453 1020 et
463 1002 527 1020 dextra
537 1005 592 1026 atque
600 1003 613 1013 ¹*

336 1027 356 1042 «32
