806 1298
162 92 198 110 524
236 92 300 110 Coum(
313 93 434 110 Apocmzuus
448 92 497 110 Novi
510 92 636 110 Tssnuswn.

163 139 263 157 salutemus
277 139 354 157 invicem
367 139 385 157 in
400 139 464 157 osculo
478 141 541 157 sancto
555 141 573 157 et
587 139 654 161 divino,
667 145 714 157 con-

162 164 219 182 stricti
238 164 311 182 vinculo
331 164 423 182 charitatis
440 166 459 181 et
475 164 530 187 pacis.
556 163 591 181 Per
611 164 711 182 Dominum

163 189 223 207 Deum
243 191 263 206 et
283 188 396 206 Salvatorem
421 190 504 206 nostrum
525 188 589 206 Jesum
611 188 712 210 Christum,

162 213 227 231 Filium
240 215 294 232 tuum
306 213 427 237 unigenitum,
440 219 472 237 per
485 219 540 237 quem
553 215 572 231 et
585 219 628 231 cum
641 219 678 237 quo
691 215 711 231 te

162 238 215 256 decet
223 238 287 262 gloria,
295 238 355 256 honor
364 240 382 256 et
392 240 478 262 potestas,
487 243 530 256 cum
539 238 606 262 Spiritu
615 240 654 256 tuo.

187 263 274 281 Powws.
299 263 364 281 Amen,

187 288 286 306 Duconvs.
317 288 389 305 Stemus
410 288 496 305 decenter
512 289 531 305 et
548 293 627 309 oremus,
644 287 711 311 gratias

162 318 243 336 agamus,
252 312 348 330 adoremus
357 314 376 330 et
384 312 480 330 laudemus
488 318 556 336 agnum
565 312 626 330 vivum
636 312 669 330 Dei
679 313 711 336 qui

162 336 240 355 offertur
249 343 303 361 super
315 336 376 355 altare.
403 337 491 355 Divinitas
504 342 543 354 sese
556 337 627 355 demisit
635 337 659 355 ad
667 342 711 360 pec-

163 364 234 379 catores
246 361 294 379 filios
307 361 372 382 Adam,
385 361 497 385 salvavitque
509 361 551 380 illos
562 361 585 379 ab
599 367 659 379 errore
671 364 690 379 et
700 368 713 379 a

162 386 248 404 servitute
261 386 337 410 peccati.
363 386 431 410 Spiritu
443 388 506 404 saneto
518 386 601 404 succensi
612 388 655 404 sunt
666 386 711 404 Pro-

162 411 229 435 phetae,
238 413 257 429 et
265 410 288 428 de
297 410 421 434 Primogenito
433 410 505 434 loquuti
517 414 559 429 sunt
567 417 571 428 :
584 411 711 435 unusquisque

160 435 234 454 illorum
247 435 342 459 descripsit
355 435 443 454 Ecclesiae
458 436 546 459 mysteria
561 436 651 454 adventus
663 436 709 459 ejus.

161 460 229 484 Aperte
242 460 313 484 scripsit
326 460 390 478 Moses
403 460 453 484 quod
466 460 504 484 ipse
517 462 610 478 creaturas
623 460 710 481 condidit,

162 487 181 502 et
191 485 230 509 ipse
241 485 305 503 statuit
317 485 340 503 ad
351 485 471 503 ministerium
485 491 538 502 suum
550 485 623 503 ordines
634 485 680 508 ignis
691 488 711 503 et

163 509 240 533 spiritus.
266 509 322 533 Signa
334 509 412 527 Domine
424 515 479 527 cruce
488 509 527 533 ejus
539 509 646 530 Ecclesiam,
656 515 710 533 quam

162 534 279 557 desponsavit
290 534 308 551 in
320 539 399 557 persona
410 539 449 555 sua,
458 536 477 551 et
487 534 539 551 eleva
551 536 606 557 atque
619 534 709 552 constitue

162 564 203 577 eam
219 558 238 576 in
256 558 310 579 coelo,
327 558 351 576 ad
367 558 463 576 dexteram
480 558 519 582 ejus
535 559 567 582 qui
587 559 635 576 misit
652 559 709 577 illum.

162 583 219 602 Beata
228 589 247 601 es
258 582 340 601 Ecclesia
351 582 417 604 fidelis,
427 583 479 601 donis
491 589 533 607 quoe
545 583 595 601 dedit
607 583 638 601 tibi
647 583 711 602 Domi-

161 614 196 626 nus
210 610 258 629 tuus,
271 613 347 631 corpore
361 610 379 625 et
392 608 480 631 sanguine
493 614 527 625 suo
541 611 611 629 sancto,
624 610 643 626 et
655 614 710 626 cruce

162 632 201 657 ejus
208 638 250 656 quae
256 635 274 651 te
282 632 366 650 custodit.
391 632 468 656 Virginis
473 638 525 656 purae
532 632 596 650 Mariae
603 633 709 651 memoriam

161 663 237 682 agamus
248 657 297 681 apud
309 663 342 675 nos
354 657 372 675 in
384 657 477 675 oblatione
489 659 557 678 nostra,
569 657 709 681 Prophetarum,

162 682 299 706 Apostolorum,
308 682 358 699 Mart
393 688 418 703 m,
425 682 499 699 Piorum
508 684 526 699 et
535 681 636 700 Justorum.
662 682 709 700 Vasa

162 709 225 725 sancta
240 706 344 724 offeruntur
358 687 408 724 {tiri
422 708 492 727 nostro,
505 708 527 724 ut
542 706 635 724 osculetur
650 712 678 728 ea,
691 709 710 724 et

161 732 216 750 Pater
224 733 286 749 noster
295 731 313 750 in
323 731 405 755 Liturgia
413 736 446 750 sua
454 731 579 749 recordabitur
587 731 670 749 omnium
679 731 709 755 qui

161 757 179 775 in
190 756 282 774 Christum
292 755 374 773 credunt.

187 781 285 799 Sicanos.
311 780 348 800 Qui
364 780 413 798 solus
429 780 519 798 Dominus
535 780 637 798 misericors
653 786 678 802 es,
691 780 709 798 in

162 811 194 824 eos
206 805 236 829 qui
249 811 312 824 coram
323 805 375 823 altari
386 807 419 823 tuo
432 805 480 823 colla
490 805 579 823 inolinant
592 805 644 823 mitte
655 805 711 823 bene—

162 830 251 848 dictiones
256 832 303 851 tuas,
309 832 329 847 tu
335 829 366 853 qui
371 830 389 847 in
396 829 437 848 altis
441 829 519 851 habitas,
525 832 543 847 et
550 829 625 848 humilia
629 830 710 853 respicis,

161 854 275 878 benedicque
284 860 316 872 eos
325 860 357 896 pler
365 854 448 878 gratiam,
455 854 596 872 misericordiam
604 856 622 872 et
629 860 710 872 amorem

162 885 205 903 erga
215 879 299 899 homines
311 879 326 897 C
340 879 378 897 risti
391 879 422 897 uni
436 879 479 897 eniti
491 879 530 897 Filii
542 879 568 897 tui
581 885 613 903 per
625 885 680 903 quem
692 881 711 897 et

162 910 204 922 cum
213 910 251 927 quo
259 906 278 922 te
287 903 340 921 decet
347 903 411 927 gloria,
435 909 445 921 c

187 929 275 947 Porcius.
299 929 364 946 Amen.

187 953 286 971 SAcsnDos.
312 953 362 971 Deus
374 953 429 970 Pater
437 953 468 976 qui
479 955 555 976 propter
567 959 647 971 amorem
656 955 709 971 tuum

161 983 205 1002 erga
216 978 301 996 homines
312 983 398 1001 magnum
411 979 430 995 et
440 977 559 999 ineffabilem,
570 977 633 996 misisti
645 977 710 996 Filium
