806 1298
137 116 170 127 xvi.
193 111 278 127 Musaeum
291 116 312 127 uz
324 116 356 127 sm:
369 116 401 127 rit-r.
413 116 432 127 m·
443 117 490 127 nm„
503 117 554 128 spos-r.
599 113 631 128 493

79 159 152 172 servare
161 154 275 178 conjugibus,
289 155 336 172 sicut
347 154 384 172 illae
392 154 425 172 sibi
435 161 506 173 servare
515 155 605 179 pudorem

79 179 165 197 omnibus
178 179 236 197 modis
250 179 320 197 volunt.
340 179 396 199 Quod
409 180 458 197 enim
466 180 519 204 punit
528 180 605 198 maritus

79 203 99 221 in
106 209 164 222 uxore
173 204 262 226 adultera,
269 204 304 223 hoc
312 204 365 228 punit
374 204 391 222 in
400 204 466 222 marito
475 204 559 223 adultero
566 205 605 229 ipse

79 228 141 250 Pater,
148 231 166 247 et
174 229 259 247 conditor
265 235 327 247 rerum
337 229 432 247 Dominus.
446 229 506 248 nocui
514 230 605 252 dominos,

79 256 101 271 ut
109 254 171 271 mitius
180 260 222 272 cum
232 254 288 272 servis
299 254 336 272 suis
349 257 410 278 agant.
436 254 496 273 Docui
509 260 571 273 servos
585 258 605 273 ut
612 257 617 265 ¹

80 277 167 300 fideliter,
177 281 196 297 et
205 279 256 302 quasi
263 279 303 297 Deo
309 279 389 297 serviant
397 279 480 297 Dominis
490 279 531 297 suis.
546 280 605 297 Docui

79 303 166 321 ecclesius
179 303 299 325 credentium,
313 309 371 321 unum
385 307 404 322 et
418 304 570 328 omnipotentem,
587 308 606 322 et

79 328 187 346 invisibilem
195 328 255 346 colere
264 328 330 346 Deum.
345 328 392 346 Haec
401 331 464 346 autem
472 328 556 347 doctrina
561 329 605 347 mihi

79 358 117 370 non
124 353 146 371 ab
153 353 264 374 hominibus,
272 359 331 377 neque
337 359 369 377 per
376 353 469 371 hominem
477 353 556 377 aliquem
563 354 606 372 data

79 378 114 399 evit,
123 378 156 395 sed
164 384 197 402 per
206 377 216 395 J
219 384 270 396 esum
280 378 379 399 Christum,
388 381 408 396 et
416 378 488 396 Patrem
498 378 568 402 gloriae,
573 379 605 403 qui
614 381 625 388 “·

79 402 123 420 mihi
132 402 155 420 de
169 402 216 421 coelo
229 402 318 426 loquutus
329 405 364 424 est,
372 405 391 421 et
400 402 444 421 dum
454 409 483 421 rne
493 403 573 421 mitteret
581 403 605 421 ad

78 427 228 451 praedicationem
239 427 328 446 Dominus
338 434 389 446 meus
398 427 452 446 Jesus
462 428 551 449 Christus,
560 428 606 446 dixit

80 452 130 474 mihi,
148 452 201 473 Vade,
214 455 232 470 et
244 459 278 476 ego
291 458 321 470 ero
334 455 395 473 tecum,
405 455 422 470 et
431 453 488 471 omniu
501 459 605 477 quaecunque

79 477 146 495 dixeris
154 477 261 501 autseceris,
274 483 307 501 ego
310 477 430 501 jmtificabo.”
444 477 494 495 Nero
503 478 531 495 his
539 478 605 496 auditis

79 502 156 526 stupuit,
164 504 183 520 et
191 508 290 520 conversus
302 501 326 520 ad
340 502 421 523 Petrum,
434 502 486 524 dixit,
499 502 547 520 “Tu
561 502 605 526 quid
614 505 625 512 *⁵

80 527 124 545 dicis
132 527 148 545 'l’'
162 527 188 545 Et
193 527 257 544 Petrus
263 527 294 548 ait,
303 529 315 537 ‘¹
323 526 389 545 Omnia
395 533 512 551 quaecunque
517 527 606 551 loquutus

80 554 108 569 est
121 551 195 572 Paulus,
208 557 252 569 vera
265 554 313 569 sunt.
339 551 388 569 Nam
397 552 469 575 aliquot
477 552 519 569 anni
529 555 572 570 sunt
581 558 605 570 ex

78 582 117 600 quo
131 577 194 600 accepi
208 576 270 594 literas
278 576 301 594 ab
310 576 400 600 episcopis
413 576 485 598 nostris,
495 577 526 600 qui
535 577 605 595 suntin

79 601 164 619 universo
174 601 218 619 orbe
231 601 323 622 Romano,
332 604 351 619 et
358 607 406 625 pene
419 601 501 619 omnium
510 601 605 619 civitatum

80 626 162 650 epistolis
170 626 282 650 scripserunt
294 625 339 644 mihi
348 626 371 644 de
379 625 432 644 factis
441 626 486 650 ejus,
494 632 537 644 nam
546 632 604 650 quum
612 629 624 637 ¹·

79 653 201 675 persequutor
218 653 265 669 esset
279 651 324 674 legis
339 651 412 672 Christi,
421 657 457 669 vox
467 657 508 669 eum
524 651 547 669 de
557 651 604 669 coelo

80 676 159 697 vocavit,
177 678 196 693 et
213 675 276 693 docuit
293 676 394 697 veritatem,
412 676 455 699 quia
468 682 505 694 non
519 679 558 694 erat
573 682 606 700 per

83 701 169 719 invidiam
175 700 259 718 inimicus
267 700 310 718 fidei
319 703 394 722 nostrae,
402 700 433 718 sed
439 706 473 724 per
479 701 606 724 iffiwrantiam.

84 726 166 744 Fuerunt
181 725 230 743 enim
246 728 288 743 ante
301 731 336 743 nos
349 725 502 749 pseudo-Christi,
515 726 562 743 sicut
579 728 607 744 est

81 751 151 772 Simon,
168 750 244 768 fuerunt
264 752 283 768 et
302 750 472 774 pseudo-Apostoli,
494 750 570 768 fuerunt
585 753 605 768 et
611 753 623 761 ⁸¹

80 775 264 799 pseudo-Prophetes,
269 775 301 798 qui
306 777 371 792 contra
378 780 439 792 sacros
446 775 506 798 apices
512 775 606 793 venientes

80 806 169 818 evacuare
183 799 293 817 studuerunt
306 799 407 820 veritatem,
420 802 439 817 et
452 802 517 817 contra
529 799 564 817 hos
573 806 605 817 ne—

81 831 131 843 cesse
141 827 180 843 erat
190 830 244 848 agere
252 831 256 845 ;
272 824 301 842 hic
307 830 357 845 vero,
364 824 396 848 qui
405 830 428 842 ex
437 824 514 842 infantia
522 830 555 842 sua
560 824 605 842 nihil

81 849 130 868 aliud
144 849 198 867 studii
211 852 292 873 gesserat
305 849 339 867 nisi
352 849 418 867 diviuae
426 849 471 873 legis
480 849 557 867 serutari
567 855 606 873 my-

80 875 140 896 steria,
149 874 167 892 in
177 874 243 898 quibus
252 874 288 892 hoc
302 874 396 895 didicerat,
408 874 457 892 unde
466 873 552 892 defensor
559 874 604 892 veri-
611 877 623 884 ³⁰

81 899 128 920 tatis,
137 901 156 917 et
164 902 286 923 persequutor
293 899 379 917 existeret
386 898 475 917 falsitatis.
501 899 550 919 Quia
562 905 606 923 ergo

81 924 199 949 persequutio
213 924 252 947 ejus
264 930 302 941 non
312 930 335 941 ex
345 924 462 942 aemulatione
469 923 531 945 fiebat,
541 924 573 942 sed
582 930 604 942 ex

82 949 188 967 defensione
197 948 248 972 legis,
253 949 293 972 ipsa
300 949 366 966 veritas
375 954 418 966 eum
425 948 448 966 de
455 949 503 966 coelo
510 948 606 972 alloquuta

82 976 109 992 est
116 974 179 992 dicens
189 974 216 994 ei:
231 973 275 997 Ego
288 979 325 991 sum
338 973 391 991 Jews
404 973 516 994 Nazarenm,
528 979 578 997 quem
587 976 606 991 tu

78 999 188 1023 peraeequeria
194 1005 202 1019 ,·
215 1004 262 1016 cessa
272 1004 298 1016 me
305 998 394 1022 persequi,
406 998 447 1022 quia
456 998 495 1022 ipsa
503 998 568 1016 veritas
576 1004 610 1022 ego
617 1001 629 1008 ³³
