806 1298
190 118 226 136 526
264 118 329 136 Conzx
342 118 464 136 Arocmfl’nus
477 117 526 136 Novr
539 118 665 137 ΤΕετΛΜεΝτι.

215 164 303 182 Poruws.
329 164 410 188 Dignum
419 166 438 182 et
445 163 516 188 justum
525 166 558 182 est.

214 189 308 207 Siccanas
317 194 430 207 menum-us.
456 189 502 207 Vere
514 189 589 213 dignum
598 191 617 207 et
625 189 696 213 justum
706 192 739 211 est,

189 213 257 232 decens
265 215 285 231 et
293 213 380 235 debitum,
385 215 408 231 ut
416 216 434 232 te
441 213 543 235 laudemus,
550 216 568 232 te
576 214 712 235 benedicamus,
721 217 739 233 te

189 238 308 259 celebremus,
312 240 330 256 te
335 239 439 260 adoremus,
445 238 477 256 tibi
482 239 549 262 gratias
554 245 636 263 agamus,
640 239 672 257 tibi
678 238 739 263 opifici

189 263 248 282 omnis
251 265 347 285 creaturae,
350 263 424 281 visibilis
428 266 460 281 sut
463 263 560 281 invisibilis.
574 264 602 282 Et
605 263 673 282 elevam
677 270 739 282 vocem.

189 289 250 309 Quem
266 287 343 306 laudant
358 288 426 306 coelum
440 290 458 306 et
473 288 514 306 coeli
532 288 626 310 coelorum,
642 289 738 312 omnisque

189 312 280 331 exercitus
289 319 353 331 eorum
362 313 390 331 sol
398 315 417 330 et
425 313 470 331 luna
477 315 495 331 et
502 319 557 331 omne
564 313 658 331 stellarum
666 319 738 337 agmen,

189 340 238 356 terra
249 340 268 356 et
279 338 337 355 maria
348 340 366 355 et
378 337 440 355 omnia
451 344 493 361 quae
503 338 521 355 in
531 337 556 356 eis
568 340 622 356 suut:
636 338 738 356 Jerusalem

189 362 274 384 coelestis,
290 362 372 380 Ecclesia
388 362 552 386 primogenitorum
570 362 702 386 descriptorum
719 363 736 381 in

189 387 252 406 coelis:
272 387 344 411 Angeli,
359 387 475 411 Archangeli,
491 387 612 411 Principatus,
629 387 738 409 Potestates,

189 412 265 433 Thmui,
280 412 424 433 nominationes,
439 412 515 430 virtutes
529 412 620 433 coelestes,
634 414 653 430 et
668 412 738 430 mundo

189 437 291 461 superiores
308 437 399 455 exercitus
418 437 466 458 coeli,
483 437 583 455 Cherubim
604 437 669 461 quibus
690 437 738 455 oculi

188 462 247 483 multi,
260 464 279 480 et
292 462 387 486 Seraphim
400 462 466 486 quibus
479 461 514 480 alae
527 468 566 483 sex,
578 462 610 486 qui
619 462 692 480 duabus
705 462 738 480 alis

188 489 254 511 tegunt
264 486 321 505 facies
332 493 375 505 suas
386 489 406 505 et
417 486 488 504 duabus
499 486 561 511 pedes,
573 487 680 511 duabusque
692 487 738 505 alter

188 511 212 530 ad
220 511 298 530 alterum
322 511 421 529 volitantes
444 511 519 529 vocibus
543 511 696 533 indeficientibus,
719 514 738 530 et

188 536 290 560 Theologia
302 542 340 554 non
352 536 494 557 conticescente,
505 536 595 561 hymnum
608 536 737 560 triumphalem

187 560 372 585 magnificentissimae
393 561 463 585 gloriae,
480 567 525 579 voce
544 567 612 579 canora
630 561 737 583 concinunt,

187 586 274 607 clamant,
282 585 406 604 vociferantur
415 588 433 604 et
442 585 510 604 dicunt.

212 611 299 629 Populus.
325 611 410 632 Sanctus,
425 611 508 632 Sanctus,
523 611 602 629 Sanctus
617 617 642 632 es,
657 611 737 629 Domine

188 636 238 654 Deus
250 635 337 657 Sabaoth,
347 635 397 660 pleni
409 635 458 653 enim
470 638 512 654 sunt
524 635 565 654 coeli
577 638 595 654 ct
607 638 661 657 terra,
672 635 736 660 gloria,

186 661 257 679 honore
266 663 285 679 et
293 661 388 684 majestate
396 663 428 678 tua
437 661 521 682 Domine,
529 661 619 679 Hosanua
625 661 644 679 in
653 660 735 679 excelsis.

187 685 298 704 Benedictus
312 685 342 709 qui
356 686 406 703 venit
418 688 437 703 et
449 686 480 709 qui
492 689 579 704 venturus
591 688 619 703 est
631 685 648 703 in
662 685 736 704 nomine

187 710 266 730 Domini.
293 710 383 728 Hosanna
391 710 410 728 in
419 710 500 729 excelsis.

211 735 305 754 SAcssxnos
319 741 432 754 menum-us.
457 735 504 753 Vere
518 737 592 753 sanctus
605 741 631 756 es,
646 735 687 753 Rex
703 741 737 753 sae-

185 760 269 779 culorum
278 762 297 779 et
309 760 368 778 omnis
379 760 480 778 sanctitatis
491 760 579 784 largitor:
592 762 667 778 sanctus
681 760 736 778 etiam

186 785 290 809 unigenitus
307 785 362 803 Filius
379 787 428 806 tuus,
442 785 532 803 Dominus
549 785 599 803 Deus
616 787 634 802 et
651 784 736 803 Salvator

186 812 248 828 noster
262 810 316 828 Jesus
331 810 427 828 Christus:
445 812 518 828 sanctus
532 809 587 828 etiam
602 809 679 834 Spiritus
692 811 735 828 tuus

185 837 266 856 sanctus,
281 835 313 858 qui
327 837 419 853 scrutatur
433 835 500 856 onmia,
515 834 570 853 etiam
587 833 679 858 profunda
697 837 735 855 tua,

186 859 237 878 Deus
252 859 311 878 Pater.
337 859 415 878 Sanctus
430 859 479 877 enim
492 865 511 877 es
525 859 557 883 qui
571 859 632 877 omnia
646 859 735 881 contines,

185 884 308 908 omnipotens,
316 884 406 908 terribilis,
412 884 477 905 bonus,
487 890 529 902 cum
538 884 632 908 unigenito
641 884 686 902 Filio
695 886 735 905 tuo,

184 909 216 933 qui
232 909 337 933 passionum
356 909 447 933 particeps
463 908 505 930 fuit,
522 911 541 927 et
560 909 639 927 maxime
658 910 734 933 propter

184 934 277 952 hominem
288 933 397 958 figmentum
406 936 465 955 tuum,
475 939 529 958 quern
539 940 549 951 e
558 936 606 952 terra
617 933 706 955 foi-mesti,
715 936 735 951 et

184 959 288 977 concessisti
303 959 329 977 illi
346 959 420 977 delicias
433 958 516 983 paradisi.
542 958 605 978 Quum
619 964 662 976 vero
676 961 735 976 trans-

183 990 256 1008 gressus
269 986 318 1002 esset
331 984 436 1002 mandatum
451 986 510 1005 tuum,
522 985 541 1002 et
554 983 625 1005 cecidit,
638 989 676 1001 non
690 989 735 1007 neg-

182 1008 243 1028 lexisti
256 1011 288 1027 aut
303 1008 414 1033 dereliquisti
429 1008 487 1030 illum,
501 1008 518 1026 O
531 1008 586 1030 bone,
600 1008 631 1026 sed
645 1008 734 1026 reduxisti
