<?xml version="1.0" encoding="UTF-8"?>
<!DOCTYPE html PUBLIC "-//W3C//DTD XHTML 1.0 Transitional//EN"
    "http://www.w3.org/TR/xhtml1/DTD/xhtml1-transitional.dtd">
<html xmlns="http://www.w3.org/1999/xhtml" xml:lang="en" lang="en">
 <head>
  <title>
</title>
<meta http-equiv="Content-Type" content="text/html;charset=utf-8" />
  <meta name='ocr-system' content='tesseract 3.04.00' />
  <meta name='ocr-capabilities' content='ocr_page ocr_carea ocr_par ocr_line ocrx_word'/>
</head>
<body>
  <div class='ocr_page' id='page_1' title='image "./codexapocryphus01gilegoog_0088.png"; bbox 0 0 806 1298; ppageno 0'>
   <div class='ocr_carea' id='block_1_1' title="bbox 215 108 625 128">
    <p class='ocr_par' dir='ltr' id='par_1_1' title="bbox 215 108 625 128">
     <span class='ocr_line' id='line_1_1' title="bbox 215 108 625 128; baseline -0.005 -1"><span class='ocrx_word' id='word_1_1' title='bbox 215 115 265 127; x_wconf 72' lang='lat' dir='ltr'>xxvn</span> <span class='ocrx_word' id='word_1_2' title='bbox 280 109 371 128; x_wconf 63' lang='lat' dir='ltr'>Lim-unum</span> <span class='ocrx_word' id='word_1_3' title='bbox 384 109 402 127; x_wconf 77' lang='lat' dir='ltr'>S.</span> <span class='ocrx_word' id='word_1_4' title='bbox 416 108 486 127; x_wconf 72' lang='lat' dir='ltr'>JAcom.</span> <span class='ocrx_word' id='word_1_5' title='bbox 588 108 625 126; x_wconf 85' lang='lat'>533</span> 
     </span>
    </p>
   </div>
   <div class='ocr_carea' id='block_1_2' title="bbox 73 155 637 996">
    <p class='ocr_par' dir='ltr' id='par_1_2' title="bbox 100 155 278 174">
     <span class='ocr_line' id='line_1_2' title="bbox 100 155 278 174; baseline 0 -1"><span class='ocrx_word' id='word_1_6' title='bbox 100 155 188 174; x_wconf 66' lang='lat' dir='ltr'>Poenus.</span> <span class='ocrx_word' id='word_1_7' title='bbox 213 155 278 173; x_wconf 83' lang='lat' dir='ltr'>Amen.</span> 
     </span>
    </p>

    <p class='ocr_par' dir='ltr' id='par_1_3' title="bbox 73 179 627 404">
     <span class='ocr_line' id='line_1_3' title="bbox 100 179 626 203; baseline -0.002 -5"><span class='ocrx_word' id='word_1_8' title='bbox 100 180 199 198; x_wconf 73' lang='lat' dir='ltr'>Dmcost,</span> <span class='ocrx_word' id='word_1_9' title='bbox 231 180 323 198; x_wconf 71' lang='lat' dir='ltr'>Meuonu</span> <span class='ocrx_word' id='word_1_10' title='bbox 338 185 452 198; x_wconf 58' lang='lat' dir='ltr'>mucronum.</span> <span class='ocrx_word' id='word_1_11' title='bbox 484 179 555 197; x_wconf 79' lang='lat' dir='ltr'>Iterum</span> <span class='ocrx_word' id='word_1_12' title='bbox 570 181 626 203; x_wconf 80' lang='lat' dir='ltr'>atque</span> 
     </span>
     <span class='ocr_line' id='line_1_4' title="bbox 73 203 626 228; baseline -0.002 -5"><span class='ocrx_word' id='word_1_13' title='bbox 73 205 140 223; x_wconf 74' lang='lat' dir='ltr'>iterum</span> <span class='ocrx_word' id='word_1_14' title='bbox 150 211 315 223; x_wconf 78' lang='lat' dir='ltr'>commemoramus</span> <span class='ocrx_word' id='word_1_15' title='bbox 325 210 367 223; x_wconf 85' lang='lat' dir='ltr'>vere</span> <span class='ocrx_word' id='word_1_16' title='bbox 375 205 454 226; x_wconf 82' lang='lat' dir='ltr'>beatam,</span> <span class='ocrx_word' id='word_1_17' title='bbox 463 203 594 228; x_wconf 70' lang='lat' dir='ltr'>laudatamque</span> <span class='ocrx_word' id='word_1_18' title='bbox 603 204 626 222; x_wconf 77' lang='lat' dir='ltr'>ab</span> 
     </span>
     <span class='ocr_line' id='line_1_5' title="bbox 74 229 626 254; baseline -0.002 -6"><span class='ocrx_word' id='word_1_19' title='bbox 74 230 160 248; x_wconf 81' lang='lat' dir='ltr'>omnibus</span> <span class='ocrx_word' id='word_1_20' title='bbox 173 230 321 254; x_wconf 78' lang='lat' dir='ltr'>generationibus</span> <span class='ocrx_word' id='word_1_21' title='bbox 336 232 390 248; x_wconf 79' lang='lat' dir='ltr'>terrae</span> <span class='ocrx_word' id='word_1_22' title='bbox 404 232 492 250; x_wconf 80' lang='lat' dir='ltr'>sanctam,</span> <span class='ocrx_word' id='word_1_23' title='bbox 505 229 626 251; x_wconf 76' lang='lat' dir='ltr'>benedictam,</span> 
     </span>
     <span class='ocr_line' id='line_1_6' title="bbox 74 254 626 283; baseline -0.002 -10"><span class='ocrx_word' id='word_1_24' title='bbox 74 261 147 279; x_wconf 79' lang='lat' dir='ltr'>semper</span> <span class='ocrx_word' id='word_1_25' title='bbox 160 255 253 283; x_wconf 81' lang='lat' dir='ltr'>Virginem</span> <span class='ocrx_word' id='word_1_26' title='bbox 267 255 372 279; x_wconf 80' lang='lat' dir='ltr'>genitricem</span> <span class='ocrx_word' id='word_1_27' title='bbox 388 254 422 272; x_wconf 86' lang='lat' dir='ltr'>Dei</span> <span class='ocrx_word' id='word_1_28' title='bbox 436 254 521 275; x_wconf 78' lang='lat' dir='ltr'>Mariam,</span> <span class='ocrx_word' id='word_1_29' title='bbox 535 254 626 278; x_wconf 84' lang='lat' dir='ltr'>simulque</span> 
     </span>
     <span class='ocr_line' id='line_1_7' title="bbox 74 279 627 304; baseline -0.002 -6"><span class='ocrx_word' id='word_1_30' title='bbox 74 280 182 298; x_wconf 73' lang='lat' dir='ltr'>memoriam</span> <span class='ocrx_word' id='word_1_31' title='bbox 194 279 264 304; x_wconf 76' lang='lat' dir='ltr'>agimus</span> <span class='ocrx_word' id='word_1_32' title='bbox 275 279 415 303; x_wconf 77' lang='lat' dir='ltr'>Prophetarum,</span> <span class='ocrx_word' id='word_1_33' title='bbox 424 279 557 303; x_wconf 77' lang='lat' dir='ltr'>apostolorum,</span> <span class='ocrx_word' id='word_1_34' title='bbox 566 279 627 297; x_wconf 81' lang='lat' dir='ltr'>Evan-</span> 
     </span>
     <span class='ocr_line' id='line_1_8' title="bbox 74 303 626 329; baseline -0.002 -6"><span class='ocrx_word' id='word_1_35' title='bbox 74 305 187 329; x_wconf 71' lang='lat' dir='ltr'>gelistamm,</span> <span class='ocrx_word' id='word_1_36' title='bbox 192 304 395 326; x_wconf 66' lang='lat' dir='ltr'>PraedicatorumMart</span> <span class='ocrx_word' id='word_1_37' title='bbox 397 310 457 329; x_wconf 85' lang='lat' dir='ltr'>yrum,</span> <span class='ocrx_word' id='word_1_38' title='bbox 461 307 480 322; x_wconf 85' lang='lat' dir='ltr'>et</span> <span class='ocrx_word' id='word_1_39' title='bbox 485 303 625 322; x_wconf 78' lang='lat' dir='ltr'>Confessorum</span> <span class='ocrx_word' id='word_1_40' title='bbox 621 318 626 326; x_wconf 87' lang='lat'>,</span> 
     </span>
     <span class='ocr_line' id='line_1_9' title="bbox 76 329 627 354; baseline -0.002 -6"><span class='ocrx_word' id='word_1_41' title='bbox 76 332 95 348; x_wconf 91' lang='lat' dir='ltr'>et</span> <span class='ocrx_word' id='word_1_42' title='bbox 107 330 128 348; x_wconf 88' lang='grc' dir='ltr'>Β.</span> <span class='ocrx_word' id='word_1_43' title='bbox 140 330 216 348; x_wconf 82' lang='lat' dir='ltr'>Joannis</span> <span class='ocrx_word' id='word_1_44' title='bbox 228 330 316 354; x_wconf 78' lang='lat' dir='ltr'>Baptistae</span> <span class='ocrx_word' id='word_1_45' title='bbox 327 330 457 354; x_wconf 75' lang='lat' dir='ltr'>praecursoris:</span> <span class='ocrx_word' id='word_1_46' title='bbox 474 329 548 353; x_wconf 77' lang='lat' dir='ltr'>gloriosi</span> <span class='ocrx_word' id='word_1_47' title='bbox 560 329 578 347; x_wconf 80' lang='lat' dir='ltr'>S,</span> <span class='ocrx_word' id='word_1_48' title='bbox 587 329 627 347; x_wconf 88' lang='lat' dir='ltr'>Ste-</span> 
     </span>
     <span class='ocr_line' id='line_1_10' title="bbox 75 354 627 379; baseline -0.002 -6"><span class='ocrx_word' id='word_1_49' title='bbox 75 354 132 379; x_wconf 72' lang='lat' dir='ltr'>phuni</span> <span class='ocrx_word' id='word_1_50' title='bbox 141 355 193 379; x_wconf 86' lang='lat' dir='ltr'>primi</span> <span class='ocrx_word' id='word_1_51' title='bbox 203 355 287 379; x_wconf 80' lang='lat' dir='ltr'>martyris</span> <span class='ocrx_word' id='word_1_52' title='bbox 294 361 315 373; x_wconf 82' lang='lat' dir='ltr'>ac</span> <span class='ocrx_word' id='word_1_53' title='bbox 321 355 374 379; x_wconf 83' lang='lat' dir='ltr'>primi</span> <span class='ocrx_word' id='word_1_54' title='bbox 383 354 466 373; x_wconf 77' lang='lat' dir='ltr'>diaconi:</span> <span class='ocrx_word' id='word_1_55' title='bbox 480 357 499 372; x_wconf 91' lang='lat' dir='ltr'>et</span> <span class='ocrx_word' id='word_1_56' title='bbox 505 360 627 378; x_wconf 87' lang='lat' dir='ltr'>unumquem-</span> 
     </span>
     <span class='ocr_line' id='line_1_11' title="bbox 76 379 611 404; baseline -0.002 -6"><span class='ocrx_word' id='word_1_57' title='bbox 76 386 113 404; x_wconf 91' lang='lat' dir='ltr'>que</span> <span class='ocrx_word' id='word_1_58' title='bbox 122 386 186 398; x_wconf 83' lang='lat' dir='ltr'>eorum</span> <span class='ocrx_word' id='word_1_59' title='bbox 195 382 366 401; x_wconf 70' lang='lat' dir='ltr'>commemorantes,</span> <span class='ocrx_word' id='word_1_60' title='bbox 376 380 476 398; x_wconf 85' lang='lat' dir='ltr'>Dominum</span> <span class='ocrx_word' id='word_1_61' title='bbox 486 379 611 403; x_wconf 79' lang='lat' dir='ltr'>deprecemur.</span> 
     </span>
    </p>

    <p class='ocr_par' dir='ltr' id='par_1_4' title="bbox 101 404 627 428">
     <span class='ocr_line' id='line_1_12' title="bbox 101 404 627 428; baseline -0.002 -5"><span class='ocrx_word' id='word_1_62' title='bbox 101 404 195 423; x_wconf 68' lang='lat' dir='ltr'>SAcssRoos</span> <span class='ocrx_word' id='word_1_63' title='bbox 214 410 325 423; x_wconf 73' lang='grc' dir='ltr'>ιΝοιιΝΛτυε.</span> <span class='ocrx_word' id='word_1_64' title='bbox 360 404 453 424; x_wconf 78' lang='lat' dir='ltr'>Quoniam</span> <span class='ocrx_word' id='word_1_65' title='bbox 473 404 528 428; x_wconf 86' lang='lat' dir='ltr'>igitur</span> <span class='ocrx_word' id='word_1_66' title='bbox 548 407 576 422; x_wconf 83' lang='lat' dir='ltr'>est</span> <span class='ocrx_word' id='word_1_67' title='bbox 595 404 627 423; x_wconf 84' lang='lat' dir='ltr'>tibi</span> 
     </span>
    </p>

    <p class='ocr_par' dir='ltr' id='par_1_5' title="bbox 75 429 637 974">
     <span class='ocr_line' id='line_1_13' title="bbox 90 429 628 453; baseline 0 -6"><span class='ocrx_word' id='word_1_68' title='bbox 90 432 158 448; x_wconf 71' lang='lat' dir='ltr'>otestas</span> <span class='ocrx_word' id='word_1_69' title='bbox 171 430 212 448; x_wconf 77' lang='lat' dir='ltr'>vitae</span> <span class='ocrx_word' id='word_1_70' title='bbox 221 432 240 447; x_wconf 87' lang='lat' dir='ltr'>et</span> <span class='ocrx_word' id='word_1_71' title='bbox 251 429 321 451; x_wconf 87' lang='lat' dir='ltr'>mortis,</span> <span class='ocrx_word' id='word_1_72' title='bbox 332 429 418 451; x_wconf 87' lang='lat' dir='ltr'>Domine,</span> <span class='ocrx_word' id='word_1_73' title='bbox 428 429 514 453; x_wconf 84' lang='lat' dir='ltr'>Deusque</span> <span class='ocrx_word' id='word_1_74' title='bbox 526 429 628 448; x_wconf 87' lang='lat' dir='ltr'>misericor-</span> 
     </span>
     <span class='ocr_line' id='line_1_14' title="bbox 75 436 628 478; baseline 0 -6"><span class='ocrx_word' id='word_1_75' title='bbox 75 436 147 473; x_wconf 56' lang='lat' dir='ltr'>Eiarum</span> <span class='ocrx_word' id='word_1_76' title='bbox 160 457 178 473; x_wconf 88' lang='lat' dir='ltr'>et</span> <span class='ocrx_word' id='word_1_77' title='bbox 189 454 256 473; x_wconf 80' lang='lat' dir='ltr'>amoris</span> <span class='ocrx_word' id='word_1_78' title='bbox 268 460 311 478; x_wconf 77' lang='lat' dir='ltr'>erga</span> <span class='ocrx_word' id='word_1_79' title='bbox 322 454 416 472; x_wconf 85' lang='lat' dir='ltr'>hominem</span> <span class='ocrx_word' id='word_1_80' title='bbox 428 456 449 472; x_wconf 84' lang='lat' dir='ltr'>tu</span> <span class='ocrx_word' id='word_1_81' title='bbox 460 460 485 475; x_wconf 83' lang='lat' dir='ltr'>es,</span> <span class='ocrx_word' id='word_1_82' title='bbox 498 454 562 478; x_wconf 83' lang='lat' dir='ltr'>dignos</span> <span class='ocrx_word' id='word_1_83' title='bbox 574 454 628 472; x_wconf 73' lang='lat' dir='ltr'>effice</span> 
     </span>
     <span class='ocr_line' id='line_1_15' title="bbox 76 479 629 503; baseline -0.002 -5"><span class='ocrx_word' id='word_1_84' title='bbox 76 482 98 498; x_wconf 82' lang='lat' dir='ltr'>ut</span> <span class='ocrx_word' id='word_1_85' title='bbox 114 480 197 498; x_wconf 87' lang='lat' dir='ltr'>omnium</span> <span class='ocrx_word' id='word_1_86' title='bbox 214 479 287 497; x_wconf 88' lang='lat' dir='ltr'>illorum</span> <span class='ocrx_word' id='word_1_87' title='bbox 304 479 336 503; x_wconf 92' lang='lat' dir='ltr'>qui</span> <span class='ocrx_word' id='word_1_88' title='bbox 351 485 362 497; x_wconf 83' lang='lat' dir='ltr'>a</span> <span class='ocrx_word' id='word_1_89' title='bbox 378 479 447 497; x_wconf 76' lang='lat' dir='ltr'>saeculo</span> <span class='ocrx_word' id='word_1_90' title='bbox 465 479 496 497; x_wconf 82' lang='lat' dir='ltr'>tibi</span> <span class='ocrx_word' id='word_1_91' title='bbox 512 479 629 503; x_wconf 86' lang='lat' dir='ltr'>placuerunt,</span> 
     </span>
     <span class='ocr_line' id='line_1_16' title="bbox 76 504 629 528; baseline 0 -6"><span class='ocrx_word' id='word_1_92' title='bbox 76 505 184 523; x_wconf 78' lang='lat' dir='ltr'>memoriam</span> <span class='ocrx_word' id='word_1_93' title='bbox 197 510 285 528; x_wconf 80' lang='lat' dir='ltr'>agamus:</span> <span class='ocrx_word' id='word_1_94' title='bbox 303 504 379 522; x_wconf 78' lang='lat' dir='ltr'>Pattum</span> <span class='ocrx_word' id='word_1_95' title='bbox 396 506 502 522; x_wconf 82' lang='lat' dir='ltr'>sanctorum</span> <span class='ocrx_word' id='word_1_96' title='bbox 517 506 536 522; x_wconf 87' lang='lat' dir='ltr'>et</span> <span class='ocrx_word' id='word_1_97' title='bbox 551 504 629 522; x_wconf 80' lang='lat' dir='ltr'>Patriar-</span> 
     </span>
     <span class='ocr_line' id='line_1_17' title="bbox 76 529 629 553; baseline 0.002 -6"><span class='ocrx_word' id='word_1_98' title='bbox 76 529 160 550; x_wconf 84' lang='lat' dir='ltr'>charum,</span> <span class='ocrx_word' id='word_1_99' title='bbox 172 529 305 553; x_wconf 70' lang='lat' dir='ltr'>Prophetarum</span> <span class='ocrx_word' id='word_1_100' title='bbox 318 531 337 547; x_wconf 82' lang='lat' dir='ltr'>et</span> <span class='ocrx_word' id='word_1_101' title='bbox 349 529 481 553; x_wconf 77' lang='lat' dir='ltr'>apostolorum,</span> <span class='ocrx_word' id='word_1_102' title='bbox 493 529 503 547; x_wconf 91' lang='lat' dir='ltr'>J</span> <span class='ocrx_word' id='word_1_103' title='bbox 506 529 570 547; x_wconf 84' lang='lat' dir='ltr'>oannis</span> <span class='ocrx_word' id='word_1_104' title='bbox 583 535 629 553; x_wconf 76' lang='lat' dir='ltr'>prae-</span> 
     </span>
     <span class='ocr_line' id='line_1_18' title="bbox 77 553 629 578; baseline 0 -6"><span class='ocrx_word' id='word_1_105' title='bbox 77 554 157 572; x_wconf 85' lang='lat' dir='ltr'>cursoris</span> <span class='ocrx_word' id='word_1_106' title='bbox 168 557 187 572; x_wconf 87' lang='lat' dir='ltr'>et</span> <span class='ocrx_word' id='word_1_107' title='bbox 199 554 293 578; x_wconf 73' lang='lat' dir='ltr'>Baptistae,</span> <span class='ocrx_word' id='word_1_108' title='bbox 302 554 319 572; x_wconf 86' lang='lat' dir='ltr'>S.</span> <span class='ocrx_word' id='word_1_109' title='bbox 330 553 419 578; x_wconf 78' lang='lat' dir='ltr'>Stephani</span> <span class='ocrx_word' id='word_1_110' title='bbox 432 554 485 578; x_wconf 85' lang='lat' dir='ltr'>primi</span> <span class='ocrx_word' id='word_1_111' title='bbox 497 554 629 576; x_wconf 77' lang='lat' dir='ltr'>Diaconorum,</span> 
     </span>
     <span class='ocr_line' id='line_1_19' title="bbox 76 579 629 603; baseline 0 -6"><span class='ocrx_word' id='word_1_112' title='bbox 76 581 96 597; x_wconf 82' lang='lat' dir='ltr'>et</span> <span class='ocrx_word' id='word_1_113' title='bbox 102 579 155 603; x_wconf 87' lang='lat' dir='ltr'>primi</span> <span class='ocrx_word' id='word_1_114' title='bbox 163 579 273 603; x_wconf 77' lang='lat' dir='ltr'>Martyrum,</span> <span class='ocrx_word' id='word_1_115' title='bbox 279 581 298 597; x_wconf 85' lang='lat' dir='ltr'>et</span> <span class='ocrx_word' id='word_1_116' title='bbox 304 582 373 597; x_wconf 68' lang='lat' dir='ltr'>sanctae</span> <span class='ocrx_word' id='word_1_117' title='bbox 380 579 472 603; x_wconf 85' lang='lat' dir='ltr'>genitricis</span> <span class='ocrx_word' id='word_1_118' title='bbox 479 579 513 597; x_wconf 84' lang='lat' dir='ltr'>Dei</span> <span class='ocrx_word' id='word_1_119' title='bbox 520 585 629 603; x_wconf 77' lang='lat' dir='ltr'>semperque</span> 
     </span>
     <span class='ocr_line' id='line_1_20' title="bbox 76 604 637 628; baseline 0 -6"><span class='ocrx_word' id='word_1_120' title='bbox 76 604 155 628; x_wconf 81' lang='lat' dir='ltr'>Virginis</span> <span class='ocrx_word' id='word_1_121' title='bbox 161 604 221 622; x_wconf 81' lang='lat' dir='ltr'>beatae</span> <span class='ocrx_word' id='word_1_122' title='bbox 228 604 293 622; x_wconf 74' lang='lat' dir='ltr'>Mariae</span> <span class='ocrx_word' id='word_1_123' title='bbox 299 606 318 622; x_wconf 83' lang='lat' dir='ltr'>et</span> <span class='ocrx_word' id='word_1_124' title='bbox 325 604 407 622; x_wconf 80' lang='lat' dir='ltr'>omnium</span> <span class='ocrx_word' id='word_1_125' title='bbox 414 606 525 622; x_wconf 81' lang='lat' dir='ltr'>sanctorum.</span> <span class='ocrx_word' id='word_1_126' title='bbox 551 604 637 622; x_wconf 76' lang='lat' dir='ltr'>Elevam&#39;</span> 
     </span>
     <span class='ocr_line' id='line_1_21' title="bbox 78 628 629 653; baseline 0 -6"><span class='ocrx_word' id='word_1_127' title='bbox 78 635 141 648; x_wconf 70' lang='lat' dir='ltr'>nocem.</span> <span class='ocrx_word' id='word_1_128' title='bbox 167 629 261 653; x_wconf 80' lang='lat' dir='ltr'>Rogamus</span> <span class='ocrx_word' id='word_1_129' title='bbox 275 631 300 651; x_wconf 71' lang='lat' dir='ltr'>te,</span> <span class='ocrx_word' id='word_1_130' title='bbox 316 629 400 650; x_wconf 84' lang='lat' dir='ltr'>Domine,</span> <span class='ocrx_word' id='word_1_131' title='bbox 415 628 479 647; x_wconf 75' lang='lat' dir='ltr'>multae</span> <span class='ocrx_word' id='word_1_132' title='bbox 494 629 629 651; x_wconf 71' lang='lat' dir='ltr'>misericordiae,</span> 
     </span>
     <span class='ocr_line' id='line_1_22' title="bbox 77 654 629 678; baseline 0 -6"><span class='ocrx_word' id='word_1_133' title='bbox 77 654 109 678; x_wconf 91' lang='lat' dir='ltr'>qui</span> <span class='ocrx_word' id='word_1_134' title='bbox 121 654 238 678; x_wconf 76' lang='lat' dir='ltr'>impossibilia</span> <span class='ocrx_word' id='word_1_135' title='bbox 250 654 307 672; x_wconf 80' lang='lat' dir='ltr'>veluti</span> <span class='ocrx_word' id='word_1_136' title='bbox 320 654 412 678; x_wconf 79' lang='lat' dir='ltr'>possibilia</span> <span class='ocrx_word' id='word_1_137' title='bbox 423 659 480 675; x_wconf 83' lang='lat' dir='ltr'>ereas,</span> <span class='ocrx_word' id='word_1_138' title='bbox 492 654 583 672; x_wconf 77' lang='lat' dir='ltr'>constitue</span> <span class='ocrx_word' id='word_1_139' title='bbox 595 660 629 672; x_wconf 82' lang='lat' dir='ltr'>nos</span> 
     </span>
     <span class='ocr_line' id='line_1_23' title="bbox 77 678 630 703; baseline 0.002 -7"><span class='ocrx_word' id='word_1_140' title='bbox 77 679 97 697; x_wconf 85' lang='lat' dir='ltr'>in</span> <span class='ocrx_word' id='word_1_141' title='bbox 106 679 141 697; x_wconf 68' lang='lat' dir='ltr'>hac</span> <span class='ocrx_word' id='word_1_142' title='bbox 150 678 204 697; x_wconf 81' lang='lat' dir='ltr'>beata</span> <span class='ocrx_word' id='word_1_143' title='bbox 213 679 367 703; x_wconf 82' lang='lat' dir='ltr'>congregatione:</span> <span class='ocrx_word' id='word_1_144' title='bbox 381 684 458 697; x_wconf 80' lang='lat' dir='ltr'>accense</span> <span class='ocrx_word' id='word_1_145' title='bbox 468 684 502 697; x_wconf 82' lang='lat' dir='ltr'>nos</span> <span class='ocrx_word' id='word_1_146' title='bbox 514 679 556 697; x_wconf 84' lang='lat' dir='ltr'>huic</span> <span class='ocrx_word' id='word_1_147' title='bbox 566 679 630 697; x_wconf 83' lang='lat' dir='ltr'>Eccle-</span> 
     </span>
     <span class='ocr_line' id='line_1_24' title="bbox 77 703 629 727; baseline 0.002 -6"><span class='ocrx_word' id='word_1_148' title='bbox 77 704 116 725; x_wconf 80' lang='lat' dir='ltr'>sioe,</span> <span class='ocrx_word' id='word_1_149' title='bbox 126 706 187 722; x_wconf 77' lang='lat' dir='ltr'>statue</span> <span class='ocrx_word' id='word_1_150' title='bbox 198 709 233 722; x_wconf 82' lang='lat' dir='ltr'>nos</span> <span class='ocrx_word' id='word_1_151' title='bbox 244 710 277 727; x_wconf 82' lang='lat' dir='ltr'>per</span> <span class='ocrx_word' id='word_1_152' title='bbox 288 704 366 727; x_wconf 76' lang='lat' dir='ltr'>gratiam</span> <span class='ocrx_word' id='word_1_153' title='bbox 379 706 431 721; x_wconf 72' lang='lat' dir='ltr'>tuam</span> <span class='ocrx_word' id='word_1_154' title='bbox 442 704 490 722; x_wconf 88' lang='lat' dir='ltr'>inter</span> <span class='ocrx_word' id='word_1_155' title='bbox 502 703 570 722; x_wconf 85' lang='lat' dir='ltr'>electos</span> <span class='ocrx_word' id='word_1_156' title='bbox 582 704 629 726; x_wconf 85' lang='lat' dir='ltr'>illos,</span> 
     </span>
     <span class='ocr_line' id='line_1_25' title="bbox 78 728 630 757; baseline 0.002 -11"><span class='ocrx_word' id='word_1_157' title='bbox 78 729 110 753; x_wconf 92' lang='lat' dir='ltr'>qui</span> <span class='ocrx_word' id='word_1_158' title='bbox 125 729 195 757; x_wconf 82' lang='lat' dir='ltr'>scripti</span> <span class='ocrx_word' id='word_1_159' title='bbox 202 731 245 747; x_wconf 83' lang='lat' dir='ltr'>sunt</span> <span class='ocrx_word' id='word_1_160' title='bbox 258 729 277 747; x_wconf 91' lang='lat' dir='ltr'>in</span> <span class='ocrx_word' id='word_1_161' title='bbox 292 729 348 747; x_wconf 84' lang='lat' dir='ltr'>coelis.</span> <span class='ocrx_word' id='word_1_162' title='bbox 375 728 446 747; x_wconf 87' lang='lat' dir='ltr'>Idcirco</span> <span class='ocrx_word' id='word_1_163' title='bbox 460 729 509 746; x_wconf 87' lang='lat' dir='ltr'>enim</span> <span class='ocrx_word' id='word_1_164' title='bbox 523 730 630 748; x_wconf 78' lang='lat' dir='ltr'>memoriam</span> 
     </span>
     <span class='ocr_line' id='line_1_26' title="bbox 78 753 630 778; baseline 0 -7"><span class='ocrx_word' id='word_1_165' title='bbox 78 753 152 772; x_wconf 84' lang='lat' dir='ltr'>illorum</span> <span class='ocrx_word' id='word_1_166' title='bbox 167 753 243 778; x_wconf 78' lang='lat' dir='ltr'>agimus,</span> <span class='ocrx_word' id='word_1_167' title='bbox 257 756 278 772; x_wconf 90' lang='lat' dir='ltr'>ut</span> <span class='ocrx_word' id='word_1_168' title='bbox 292 754 336 772; x_wconf 88' lang='lat' dir='ltr'>dum</span> <span class='ocrx_word' id='word_1_169' title='bbox 350 754 383 777; x_wconf 78' lang='lat' dir='ltr'>ipsi</span> <span class='ocrx_word' id='word_1_170' title='bbox 397 753 473 771; x_wconf 80' lang='lat' dir='ltr'>stabunt</span> <span class='ocrx_word' id='word_1_171' title='bbox 486 759 548 771; x_wconf 83' lang='lat' dir='ltr'>coram</span> <span class='ocrx_word' id='word_1_172' title='bbox 562 754 630 772; x_wconf 87' lang='lat' dir='ltr'>throno</span> 
     </span>
     <span class='ocr_line' id='line_1_27' title="bbox 78 778 631 803; baseline 0 -7"><span class='ocrx_word' id='word_1_173' title='bbox 78 781 118 800; x_wconf 81' lang='lat' dir='ltr'>tuo,</span> <span class='ocrx_word' id='word_1_174' title='bbox 126 780 194 796; x_wconf 82' lang='lat' dir='ltr'>nostrae</span> <span class='ocrx_word' id='word_1_175' title='bbox 206 784 280 803; x_wconf 88' lang='lat' dir='ltr'>quoque</span> <span class='ocrx_word' id='word_1_176' title='bbox 292 778 386 797; x_wconf 75' lang='lat' dir='ltr'>tenuitatis</span> <span class='ocrx_word' id='word_1_177' title='bbox 394 781 414 796; x_wconf 83' lang='lat' dir='ltr'>et</span> <span class='ocrx_word' id='word_1_178' title='bbox 422 778 532 796; x_wconf 65' lang='lat' dir='ltr'>infirmitatis</span> <span class='ocrx_word' id='word_1_179' title='bbox 544 779 631 797; x_wconf 83' lang='lat' dir='ltr'>memine-</span> 
     </span>
     <span class='ocr_line' id='line_1_28' title="bbox 78 802 631 827; baseline 0.002 -6"><span class='ocrx_word' id='word_1_180' title='bbox 78 804 121 825; x_wconf 84' lang='lat' dir='ltr'>rint,</span> <span class='ocrx_word' id='word_1_181' title='bbox 135 804 204 827; x_wconf 87' lang='lat' dir='ltr'>tibique</span> <span class='ocrx_word' id='word_1_182' title='bbox 218 804 313 822; x_wconf 81' lang='lat' dir='ltr'>nobiscum</span> <span class='ocrx_word' id='word_1_183' title='bbox 328 803 408 821; x_wconf 73' lang='lat' dir='ltr'>offerant</span> <span class='ocrx_word' id='word_1_184' title='bbox 422 802 531 821; x_wconf 76' lang='lat' dir='ltr'>sacrificium</span> <span class='ocrx_word' id='word_1_185' title='bbox 545 803 581 822; x_wconf 84' lang='lat' dir='ltr'>hoc</span> <span class='ocrx_word' id='word_1_186' title='bbox 595 806 631 822; x_wconf 83' lang='lat' dir='ltr'>tre-</span> 
     </span>
     <span class='ocr_line' id='line_1_29' title="bbox 78 828 631 852; baseline 0 -6"><span class='ocrx_word' id='word_1_187' title='bbox 78 828 167 846; x_wconf 88' lang='lat' dir='ltr'>mendum</span> <span class='ocrx_word' id='word_1_188' title='bbox 175 830 194 846; x_wconf 88' lang='lat' dir='ltr'>et</span> <span class='ocrx_word' id='word_1_189' title='bbox 201 828 325 849; x_wconf 83' lang='lat' dir='ltr'>incruentum,</span> <span class='ocrx_word' id='word_1_190' title='bbox 333 828 358 846; x_wconf 71' lang='lat' dir='ltr'>ad</span> <span class='ocrx_word' id='word_1_191' title='bbox 369 828 472 846; x_wconf 78' lang='lat' dir='ltr'>custodiam</span> <span class='ocrx_word' id='word_1_192' title='bbox 484 828 558 852; x_wconf 85' lang='lat' dir='ltr'>quidem</span> <span class='ocrx_word' id='word_1_193' title='bbox 566 835 631 847; x_wconf 85' lang='lat' dir='ltr'>eorum</span> 
     </span>
     <span class='ocr_line' id='line_1_30' title="bbox 79 852 631 877; baseline 0 -6"><span class='ocrx_word' id='word_1_194' title='bbox 79 859 111 877; x_wconf 78' lang='lat' dir='ltr'>qui</span> <span class='ocrx_word' id='word_1_195' title='bbox 106 853 361 874; x_wconf 75' lang='lat' dir='ltr'>‘vivunt,adconsolationem</span> <span class='ocrx_word' id='word_1_196' title='bbox 367 852 482 871; x_wconf 81' lang='lat' dir='ltr'>infirmorum</span> <span class='ocrx_word' id='word_1_197' title='bbox 486 856 505 871; x_wconf 80' lang='lat' dir='ltr'>et</span> <span class='ocrx_word' id='word_1_198' title='bbox 509 853 631 877; x_wconf 84' lang='lat' dir='ltr'>indignorum,</span> 
     </span>
     <span class='ocr_line' id='line_1_31' title="bbox 79 878 631 902; baseline 0 -6"><span class='ocrx_word' id='word_1_199' title='bbox 79 878 144 902; x_wconf 76' lang='lat' dir='ltr'>quales</span> <span class='ocrx_word' id='word_1_200' title='bbox 153 884 187 896; x_wconf 85' lang='lat' dir='ltr'>nos</span> <span class='ocrx_word' id='word_1_201' title='bbox 196 884 270 896; x_wconf 80' lang='lat' dir='ltr'>sumus:</span> <span class='ocrx_word' id='word_1_202' title='bbox 284 878 307 896; x_wconf 69' lang='lat' dir='ltr'>ad</span> <span class='ocrx_word' id='word_1_203' title='bbox 316 878 403 902; x_wconf 86' lang='lat' dir='ltr'>quietem,</span> <span class='ocrx_word' id='word_1_204' title='bbox 409 878 554 902; x_wconf 80' lang='lat' dir='ltr'>memoriamque</span> <span class='ocrx_word' id='word_1_205' title='bbox 563 878 631 897; x_wconf 80' lang='lat' dir='ltr'>bonam</span> 
     </span>
     <span class='ocr_line' id='line_1_32' title="bbox 79 902 631 927; baseline 0.002 -6"><span class='ocrx_word' id='word_1_206' title='bbox 79 909 151 924; x_wconf 80' lang='lat' dir='ltr'>eorum,</span> <span class='ocrx_word' id='word_1_207' title='bbox 166 903 197 927; x_wconf 89' lang='lat' dir='ltr'>qui</span> <span class='ocrx_word' id='word_1_208' title='bbox 213 903 231 921; x_wconf 88' lang='lat' dir='ltr'>in</span> <span class='ocrx_word' id='word_1_209' title='bbox 246 902 283 921; x_wconf 76' lang='lat' dir='ltr'>fide</span> <span class='ocrx_word' id='word_1_210' title='bbox 299 909 342 921; x_wconf 78' lang='lat' dir='ltr'>vera</span> <span class='ocrx_word' id='word_1_211' title='bbox 359 903 429 921; x_wconf 84' lang='lat' dir='ltr'>dudum</span> <span class='ocrx_word' id='word_1_212' title='bbox 447 903 533 921; x_wconf 80' lang='lat' dir='ltr'>obierunt</span> <span class='ocrx_word' id='word_1_213' title='bbox 550 903 631 925; x_wconf 75' lang='lat' dir='ltr'>Patrum.</span> 
     </span>
     <span class='ocr_line' id='line_1_33' title="bbox 80 928 632 952; baseline 0.002 -6"><span class='ocrx_word' id='word_1_214' title='bbox 80 928 172 949; x_wconf 72' lang='lat' dir='ltr'>Fratrum,</span> <span class='ocrx_word' id='word_1_215' title='bbox 183 930 202 945; x_wconf 78' lang='lat' dir='ltr'>et</span> <span class='ocrx_word' id='word_1_216' title='bbox 215 928 345 952; x_wconf 78' lang='lat' dir='ltr'>Magistroruru</span> <span class='ocrx_word' id='word_1_217' title='bbox 357 930 468 949; x_wconf 80' lang='lat' dir='ltr'>nostrorum,</span> <span class='ocrx_word' id='word_1_218' title='bbox 481 934 512 952; x_wconf 88' lang='lat' dir='ltr'>per</span> <span class='ocrx_word' id='word_1_219' title='bbox 524 928 600 952; x_wconf 72' lang='lat' dir='ltr'>gratiam</span> <span class='ocrx_word' id='word_1_220' title='bbox 613 932 632 947; x_wconf 86' lang='lat' dir='ltr'>et</span> 
     </span>
     <span class='ocr_line' id='line_1_34' title="bbox 80 952 271 974; baseline -0.005 -2"><span class='ocrx_word' id='word_1_221' title='bbox 80 952 230 974; x_wconf 80' lang='lat' dir='ltr'>misericordiam,</span> <span class='ocrx_word' id='word_1_222' title='bbox 239 953 271 971; x_wconf 73' lang='grc' dir='ltr'>διο.</span> 
     </span>
    </p>

    <p class='ocr_par' dir='ltr' id='par_1_6' title="bbox 107 978 286 996">
     <span class='ocr_line' id='line_1_35' title="bbox 107 978 286 996; baseline 0 0"><span class='ocrx_word' id='word_1_223' title='bbox 107 978 195 996; x_wconf 75' lang='lat' dir='ltr'>Porums.</span> <span class='ocrx_word' id='word_1_224' title='bbox 221 978 286 996; x_wconf 87' lang='lat' dir='ltr'>Amen.</span> 
     </span>
    </p>
   </div>
   <div class='ocr_carea' id='block_1_3' title="bbox 107 1003 633 1043">
    <p class='ocr_par' dir='ltr' id='par_1_7' title="bbox 107 1003 633 1043">
     <span class='ocr_line' id='line_1_36' title="bbox 107 1003 633 1043; baseline 0.002 -23"><span class='ocrx_word' id='word_1_225' title='bbox 107 1003 205 1021; x_wconf 68' lang='lat' dir='ltr'>Duconus.</span> <span class='ocrx_word' id='word_1_226' title='bbox 243 1003 394 1043; x_wconf 54' lang='grc' dir='ltr'>(ὶοΜΜιῑΜοιιᾶιέιιο</span> <span class='ocrx_word' id='word_1_227' title='bbox 418 1003 528 1021; x_wconf 69' lang='grc' dir='ltr'>ΒουτοιιυΜ.</span> <span class='ocrx_word' id='word_1_228' title='bbox 564 1003 633 1022; x_wconf 88' lang='lat' dir='ltr'>Iterum</span> 
     </span>
    </p>
   </div>
  </div>
 </body>
</html>
