806 1298
190 101 226 119 598
264 102 329 119 Consx
342 101 464 120 Amenanus
477 102 526 120 Novr
539 102 664 120 Tssnnswn.

189 149 258 167 noster,
274 149 294 164 tu
310 152 329 164 es
344 147 376 170 qui
390 147 484 170 Apostolis
498 147 534 165 tuis
549 147 616 165 sanctis
633 147 746 171 mysterium

189 171 253 194 gloriae
266 171 334 189 Christi
346 171 372 189 tui
384 171 510 193 manifestasti,
519 174 538 189 et
549 177 617 195 magna
629 174 648 190 et
656 172 747 192 innume-¹

190 195 253 213 rabilia
266 195 315 213 dona
328 196 353 214 eis
367 196 456 217 tribuisti;
475 196 545 214 divitias
558 198 577 214 et
590 199 661 214 secreta
672 196 748 214 miseri·⁷

190 220 258 238 cordiae
268 222 316 241 tuoe;
330 226 362 238 eos
373 220 396 238 ad
407 220 544 244 praedicandum
555 221 624 239 misisti.
650 220 747 245 Propitius

191 247 230 262 esto
251 245 347 268 (Domine)
368 247 387 263 et
405 245 506 263 concedere
526 245 607 269 dignare,
627 245 688 263 facere
707 251 748 263 nos

189 269 287 293 participes
294 272 312 287 et
321 272 416 287 consortes
424 269 535 287 haereditatis
544 275 615 291 eorum,
621 272 640 287 et
646 270 747 288 ambulare

190 296 209 311 et
222 294 274 317 sequi
287 294 364 322 vestigia
374 300 444 312 eorum
470 294 540 312 Praesta.
552 294 676 318 (quaesumus)
688 296 710 312 ut
725 294 746 312 in

190 324 240 336 omni
253 320 336 343 ternpore
349 318 375 337 eis
387 318 454 337 similes
466 319 528 340 simus,
540 321 559 337 et
570 319 588 337 in
600 325 664 337 eorum
678 325 746 337 amore

190 343 317 365 fortificemur,
324 346 342 361 et
351 349 416 361 eorum
422 343 493 361 labores
501 343 635 367 participemus.
662 344 745 362 Custodi

191 368 270 386 Domine
287 357 388 386 Ecclesiam
405 368 526 386 Christianam
543 370 640 389 sanctam;
657 368 675 386 in
691 368 747 386 bona

190 392 298 410 adoratione
304 399 347 416 quae
354 392 445 410 aedii'icata
451 395 470 410 et
475 392 553 410 fundata
559 392 594 410 fuit
601 399 634 417 per
640 393 746 417 Apostolos

190 419 268 435 sanctos.

300 442 386 460 Sacerdos
395 442 472 466 sequitur
480 448 525 466 erga
531 442 615 466 populum
622 449 630 459 1

181 470 184 473 '
215 468 228 490 †
236 467 317 485 Benedic
326 467 388 490 Gregi,
397 469 416 484 et
424 466 481 490 Agnis
490 467 525 484 tuis
534 473 538 484 :
551 466 653 491 multiplica
661 466 745 484 Domine

190 491 237 509 hanc
251 497 328 509 uvarum
341 491 402 512 vitem,
415 497 469 515 quarn
483 497 515 515 per
528 497 593 509 manus
606 493 647 509 tuas
660 493 743 512 sanctas,

190 522 223 540 per
237 516 336 534 Dominum
350 518 433 533 nostrum
449 516 512 534 Jesurn
530 515 629 537 Christum,
642 515 744 539 plantasti;

191 541 227 562 cui,
236 542 254 558 et
263 540 301 561 tibi,
310 542 329 558 et
340 540 415 564 Spiritui
423 540 441 558 S.
450 540 508 564 gloria
517 542 535 558 et
544 540 637 564 potentia3
655 542 674 558 et
685 546 744 561 nunc,

191 567 210 582 et
219 571 296 588 semper,
305 567 324 582 et
332 565 351 582 in
360 565 428 582 saecula
436 565 551 583 saeculorum.
577 565 642 583 Amen⁴

218 590 256 608 Hic
265 589 352 608 Sacerdos
357 590 409 613 ponit
418 589 503 607 incensum
512 590 530 607 ἰη
539 589 632 611 thuribulo,
641 589 699 607 dicem
705 596 712 607 .·

216 614 295 632 Domine
305 614 355 632 Deus
364 616 432 635 noster,
439 614 470 638 qui
479 614 587 632 sacrificium
596 614 675 632 Abrahae
684 614 744 637 patris

191 639 248 657 nostri
260 639 362 663 suscepisti,
371 641 389 656 et
400 645 435 663 pro
446 639 486 657 vice
496 641 515 657 et
526 639 626 657 salvatione
639 639 690 657 Isaac
702 638 743 656 Filii

191 664 236 687 ejus,
245 669 313 687 agnum
322 663 434 682 descendere
442 663 500 681 fecisti
510 670 514 681 :
530 664 562 684 sic,
572 663 656 684 Domine,
665 663 743 681 odorem

190 688 242 706 istius
251 688 321 706 incensi
333 688 415 712 suscipe2
429 690 448 706 et
460 688 506 706 sicut
518 688 630 706 Sacrificium
642 688 690 706 illius
698 688 743 711 agni

191 713 281 736 recepisti,
292 713 318 730 ita
331 713 410 730 Domine
422 713 474 730 mitte
486 713 557 730 divitias
569 713 632 736 gratiae
644 715 663 730 et
673 712 743 730 miseri-

192 738 259 755 cordiae
269 740 311 755 tuae.
338 737 373 755 Fac
387 743 421 755 nos
433 743 490 761 puros
498 740 517 755 et
530 737 609 755 mundos
622 737 645 755 ab
657 737 743 755 omnibus

192 762 243 780 malis
256 762 342 780 odoribus
353 764 478 786 peccatorum,
487 764 506 779 et
514 765 552 780 tuae
566 762 636 780 virtutis
641 764 664 779 ·et
675 761 742 785 majes-

191 788 234 805 tatis
255 787 320 811 dignos
339 787 357 805 in
378 786 433 805 laude
452 786 547 804 munditiae
566 789 609 804 tuae.
636 786 652 804 0
670 788 743 804 amator

192 812 294 832 hominum,
308 811 338 829 fac
351 817 385 829 nos
400 811 460 835 justos
474 812 512 829 sine
529 811 607 832 macula,
620 817 662 829 cum
677 810 743 829 laetitia

191 836 276 854 omnibus
285 836 348 854 diebus
357 836 399 854 vitae
408 838 482 854 nostrae.

217 861 315 880 Szoumm.
342 861 438 878 Memento
447 860 525 878 Domine
535 861 594 879 unicae
606 860 694 878 Ecclesiae
704 861 759 883 tuse,¹
776 870 779 873 -

192 888 266 906 sanctae,
281 891 323 909 quae
337 885 360 903 de
373 885 411 903 fine
425 891 484 908 usque
498 885 521 903 ad
534 885 597 906 finem,
611 885 629 903 in
643 887 684 902 toto
697 884 742 902 orbe

192 912 288 931 terrarum,
298 909 316 927 in
330 909 422 933 Apostolis
434 910 469 927 tuis
482 912 592 933 congregata
603 909 642 927 fuit
669 910 742 927 Laetare

192 935 278 956 Domina,
287 934 330 958 quin
337 934 414 952 salutem
423 937 505 952 sanctam
514 935 645 958 deprecamurl
661 934 678 952 0
686 934 741 957 Virgo

193 959 254 978 Mater
266 959 300 977 Dei
312 961 330 977 et
342 959 415 981 Christi,
423 959 441 977 in
455 959 505 977 omni
517 961 600 983 ternpore
612 959 657 977 effer
668 964 741 977 sursum

188 986 211 1007 *et
219 984 237 1002 in
246 984 303 1002 altum
315 984 416 1002 orationem
425 986 513 1006 nostram,
522 984 571 1009 apud
583 984 651 1002 electos
661 983 699 1001 Filii
708 983 742 1004 tui,
