806 1298
149 123 182 134 xvi.
205 118 290 134 Murcum
301 123 322 134 uu
333 123 368 134 Αετ.
379 123 412 134 rw.
424 123 443 134 tr
454 123 499 134 ιἈυι,
508 123 560 134 Aron.
604 119 635 134 49⁵

87 169 106 181 se
112 162 198 181 Judaeum
204 162 303 184 simularet,
310 165 329 181 et
337 162 397 186 Iegem
409 163 443 181 Dei
452 162 518 181 docere
527 163 612 181 ostende—

87 188 131 206 ret!¹
156 188 259 212 Imperator
268 187 320 209 dixit,
335 190 347 197 ¹¹
353 188 388 209 Tu,
398 188 467 209 Simon,
477 190 497 205 ut
506 187 565 209 viden,
572 188 613 206 zelo

88 212 166 234 duceris,
180 215 198 230 et
211 212 252 230 ideo
265 212 310 231 istos
322 213 442 237 persequeris.
468 212 502 231 Est
519 213 574 234 enim,
591 216 612 231 ut

87 237 147 259 video,
155 237 206 255 zelus
213 243 291 261 magnus
299 237 347 255 inter
355 240 374 255 te
383 240 402 255 et
412 237 504 255 Christum
514 244 584 259 eorum,
593 241 612 256 et

86 268 151 280 vereor
159 268 182 280 ne
191 262 214 280 ab
223 262 249 280 eis
257 262 377 284 convincaris,
390 265 410 280 et
422 262 493 286 magnis
506 262 558 280 malis
567 268 611 281 con·
618 267 622 274 ⁸

86 290 170 311 sumptus
183 293 223 305 esse
237 287 328 305 videaris.‘¹
354 287 417 305 Simon
431 287 483 308 dixit,
491 287 612 309 “Seduceris,

87 312 186 336 imperator
194 312 211 330 2⁷²
219 312 270 330 Nero
279 311 331 333 dixit,
340 312 407 332 “Quid
413 315 441 330 est
448 311 553 330 seduceris?
563 312 612 334 Hoc,

87 336 138 360 quod
146 337 164 354 in
173 339 192 354 te
201 336 254 354 video
268 336 303 354 hoe
317 336 358 355 dico
372 336 475 355 evidentem
489 337 612 355 adversarium

87 367 126 380 esse
136 364 154 379 te
164 361 219 383 Petri,
228 364 248 379 et
257 361 315 383 Pauli,
324 364 343 379 et
352 361 435 386 Magistri
444 362 523 380 eorum.”
549 361 611 380 Simon

86 386 187 410 respondit,
214 388 226 396 ‘¹
234 386 285 404 Pauli
303 386 386 404 Christus
402 386 489 410 magister
507 392 546 404 non
561 386 611 405 fuitl'
619 389 631 397 ¹·

87 411 155 429 Paulus
163 411 264 435 respondit,
273 413 284 421 ¹‘
291 411 327 431 Qui
334 411 409 429 Petrum
418 411 486 432 docuit,
494 411 533 435 ipse
543 417 571 429 me
580 418 614 436 per

86 436 216 454 revelationem
230 436 324 457 instruxit,
337 442 380 454 nam
394 436 445 460 quod
453 442 486 454 nos
494 439 569 454 accusat
578 436 613 454 cir-

87 461 184 482 cumcisos,
196 460 245 479 dicat
257 466 307 478 nunc
320 461 358 484 ipse
374 467 431 484 quare
444 461 561 479 circumcisus
575 461 613 479 sit.”

86 485 116 504 Ad
129 485 169 503 haec
184 485 246 503 Simon
259 485 360 509 respondit,
372 488 383 496 “
391 485 453 505 Quare
466 491 496 503 me
509 485 544 503 hoe
557 486 613 504 inter-

84 510 153 534 rogatis
160 511 176 528 Τ
190 510 258 528 Paulus
270 510 322 531 dixit,
331 512 342 520 “
350 510 383 528 Est
391 510 444 531 ratio,
454 513 474 528 ut
483 513 501 528 te
509 510 610 534 interroge—
618 513 630 521 ¹*

87 536 142 554 mus.”
168 535 271 559 Imperator
287 535 339 556 dixit,
351 537 362 545 “
370 535 408 553 Cur
421 535 488 553 vereris
500 535 611 559 res-pondere

86 560 120 578 illis
129 561 146 578 Τ
159 560 221 578 Simon
235 559 287 581 dixit,
299 562 311 569 ‘¹
319 559 364 578 Ideo
377 566 412 584 ego
429 560 548 578 circumcisus
564 565 611 582 sum,

86 585 130 609 quia
138 590 150 602 a
159 585 199 603 Deo
212 587 307 609 praecepta
319 587 347 602 est
361 584 475 602 circumcisio
482 584 513 602 illo
522 587 612 608 tempore,

88 616 125 634 quo
130 616 171 627 eam
177 609 263 633 suscepi.”
277 609 344 627 Paulus
351 609 403 630 dixit,
408 611 419 619 ‘¹
425 608 502 630 Audisti,
507 609 612 633 imperator,

86 634 130 659 quid
140 634 206 652 dixerit
219 634 281 652 Simon
290 635 297 652 ff
310 634 328 652 Si
342 640 385 658 ergo
397 634 446 652 bona
455 636 483 652 est
491 634 611 656 circumcisio,
618 637 630 645 ¹·

85 666 142 684 quare
151 659 268 677 circumcisos
281 659 376 681 tradidisti,
388 661 407 677 et
420 659 495 683 coegisti
504 665 536 677 eos
544 659 610 683 praeci-

85 685 166 709 pitanter
183 684 241 702 occidi
249 684 265 702 2⁰
279 684 382 709 Imperator
399 684 451 705 dixit,
464 686 476 694 “
483 684 519 702 Sed
536 690 570 702 nec
588 684 612 702 de

87 709 139 727 vobis
155 709 202 727 bene
223 709 298 727 sentio?
323 709 389 727 Petrus
401 711 420 727 et
434 708 502 727 Paulus
519 708 613 730 dixerunt,

86 736 97 744 “
104 734 133 752 An
143 737 163 752 tu
172 734 195 752 de
204 733 256 752 nobis
265 733 333 751 sentias
339 733 391 755 bene,
400 733 429 751 vel
438 733 492 755 male,
499 739 536 751 non
543 733 611 752 adrem

85 759 171 783 pertinet,
183 758 236 777 nobis
249 758 298 776 enim
312 764 386 776 necesse
395 758 430 776 erit
438 760 459 776 ut
468 758 519 782 quod
527 758 611 782 promisit
617 761 630 769 ¹·

85 784 172 807 magister
179 785 248 804 noster,
257 783 293 801 hoc
301 782 349 801 fiat?
367 783 470 807 Imperator
479 782 530 804 dixit,
538 783 612 803 “Quod

86 808 100 826 si
109 814 143 832 ego
161 808 237 826 noluero
245 809 262 826 't’'
284 808 348 826 Petrus
370 808 422 829 dixit,
441 810 453 817 ‘¹
460 807 503 825 Non
524 807 575 831 quod
591 810 611 825 tu

86 833 171 854 volueris,
179 832 211 851 sed
220 832 270 857 quod
279 832 331 850 nobis
340 832 370 850 ille
378 832 471 857 pollicitus
480 833 522 850 est.’'
548 832 611 850 Simon

85 858 185 882 respondit,
198 860 209 868 “
217 857 269 876 Bone
283 858 388 882 imperator,
401 857 420 875 hi
433 857 518 876 homines
533 857 612 875 circum-

86 886 177 901 venerunt
197 882 314 901 clementiam
332 885 389 903 tuam,
402 884 421 900 et
434 882 561 906 obligaverunt
578 883 631 900 te.¹’¹·

85 908 136 926 Nero
150 907 202 928 dixit,
216 909 227 917 ⁴¹
235 907 271 925 Sed
285 913 319 925 nec
331 910 352 925 tu
365 907 426 925 adhuc
439 913 469 925 me
483 907 533 925 dete
543 906 611 925 confir-

84 932 154 951 masti?
180 932 241 950 Simon
248 932 348 956 respondit,
357 934 369 942 “
374 932 453 952 Quantis
460 931 521 953 rebus,
528 934 547 949 et
555 932 611 955 signis

84 964 95 975 a
104 963 134 976 me
142 957 175 975 tibi
184 957 313 975 demonstratis
326 957 387 978 miror,
398 957 449 981 quod
459 956 519 974 adhuc
528 956 611 974 dubitare

85 982 167 1001 videris.”
181 982 286 1006 Imperator
291 981 392 1006 respondit,
401 984 412 992 ‘¹
420 982 460 1006 Ego
470 987 530 1005 neque
539 981 611 1003 dubito,

85 1013 147 1031 neque
155 1006 241 1031 cuiquam
250 1008 331 1025 vestrum
341 1006 442 1028 consentio,
451 1006 483 1025 sed
492 1006 549 1030 magis
559 1006 609 1030 quod
616 1009 629 1016 '⁵
