806 1298
180 113 211 129 5⁰8
277 113 331 129 Consi<
343 114 449 129 Aeacii-unus
460 113 504 129 Novr
514 113 621 129 'fuxi-anun.

279 157 307 175 13.
321 157 379 175 Paulo
387 157 465 175 Annaeus
474 157 541 175 Seneca
549 157 634 175 Salutem.

206 187 251 208 Ave,
257 187 281 205 mi
288 187 344 205 Paule
350 187 459 205 charissime.
480 186 583 211 Allegorice
590 188 609 204 et
616 186 731 210 aenigmatice

181 211 240 230 multa
253 218 264 230 a
277 214 295 230 te
309 218 443 236 usquequaque
458 218 514 236 opera
529 211 641 233 conduntur,
656 213 675 229 et
688 211 731 230 ideo

181 242 243 255 rerum
256 239 308 255 tanta
320 237 347 255 vis
359 240 378 255 et
391 237 471 255 muneris
484 237 516 255 tibi
529 236 608 258 tributa3
626 242 664 254 non
678 242 732 254 ornat-

181 264 245 280 mento
260 262 357 280 verborum
373 262 405 280 sed
421 261 472 280 cultu
486 261 566 285 quodam
580 261 684 279 decoranda
697 263 731 279 est.

182 286 253 310 Saepius
261 289 280 305 te
292 286 358 305 dixisse
370 287 447 308 ret-ineo,
455 286 529 308 multos,
538 286 569 310 qui
581 286 624 304 talia
635 285 732 308 affectent,

183 317 246 329 sensus
255 317 371 336 corrumpere
380 313 399 329 et
409 317 470 329 rerum
482 311 558 329 virtutes
570 311 645 329 evirare.
671 311 732 329 Caete-

182 342 223 354 rum
232 336 267 355 hoc
279 336 324 354 mihi
335 336 426 355 concedas
436 336 497 357 velim,
505 336 591 354 latinitati
602 341 673 354 morem
682 342 732 360 gere,

182 360 264 379 honestis
273 361 348 379 vocibus
357 361 436 385 speciem
446 360 518 382 adhibe,
526 363 548 379 ut
556 361 639 384 generosi
650 360 732 378 muneris

183 386 277 404 concessio
294 386 349 410 digne
366 392 377 404 a
391 388 411 404 te
427 386 485 410 possit
502 385 589 410 expediri.
618 385 669 404 Bene
686 385 732 404 vale.

184 411 232 429 Data
239 410 256 428 V
264 411 328 429 Nonas
337 411 348 429 J
350 411 387 432 ulii,
396 411 458 429 Leone
467 413 486 429 et
495 411 562 428 Savino
571 410 686 428 Conmlibus.

317 457 345 475 14.
359 456 427 475 Paulw
435 457 506 475 Senecoe
514 456 598 475 Salutem

209 486 331 510 Perpendenti
352 486 384 504 tibi
402 492 424 504 ea
442 488 484 504 sunt
506 485 592 507 revelata,
610 492 652 509 quae
669 486 732 510 paucis

183 511 267 529 divinitas
281 511 376 529 concessit.
403 511 469 529 Certus
482 510 538 534 igitur
553 516 587 535 ego
602 510 620 528 in
634 516 678 534 agro
692 510 731 534 jam

183 535 239 553 fertili
247 541 309 553 semen
318 534 436 553 fortissimum
446 535 492 557 fero,
500 541 538 553 non
547 535 622 559 quidem
631 535 732 557 materiam,

184 566 226 584 quae
235 560 327 584 corrumpi
337 560 414 581 videtur,
421 560 453 578 sed
462 560 537 578 verbum
547 560 610 578 stabile
620 560 654 578 Dei
662 560 733 578 deriva-

184 587 267 603 mentum
281 585 378 603 crescentis
392 587 411 603 et
423 585 513 603 manentis
524 585 542 603 in
555 587 651 603 aeternum.
676 585 733 605 Quod

184 609 282 634 prudentia
290 612 322 628 tua
330 613 429 633 assequum
440 612 474 631 est,
481 609 588 628 indeficiens
596 609 644 628 ferre
655 609 735 628 debebit.

185 634 307 653 Ethnicorum
325 634 486 659 Israeliten-umque
504 634 640 653 observationes
657 637 732 653 ceuseto

185 659 273 678 vitandas.
298 660 346 680 Quae
358 660 491 684 propemodum
503 660 581 684 adeptus
593 666 618 681 es,
630 660 677 684 Regi
688 661 734 678 tem-

185 684 242 708 porali
252 684 328 708 ejusque
338 685 442 703 domesticis
450 687 505 709 atque
512 684 553 703 fidis
560 685 623 703 amicis
629 684 734 703 insinuabis.

185 709 257 729 Quibus
268 710 302 727 etsi
313 715 377 734 aspera
389 712 408 728 et
418 709 531 734 incaptabilis
545 710 578 728 erit
590 709 683 734 persuasio
696 711 734 731 tua,

185 740 243 758 quum
247 734 329 758 plerique
335 740 398 752 eorum
402 734 476 752 minime
480 733 579 753 flectantur
584 734 734 753 insinuationibus

185 759 232 777 tuis:
250 765 310 777 sermo
322 761 383 782 tamen
396 759 431 778 Dei
442 759 540 777 instillatus
551 765 620 778 novum
631 759 649 777 in
662 759 689 777 his
701 759 735 777 hu-

185 784 252 802 minem
270 784 329 808 pariet
346 784 369 802 ad
386 783 447 802 Deum
463 784 506 802 hinc
523 787 658 808 properantem.
684 784 734 805 Vale,

185 808 255 827 Seneca
267 808 371 827 charissime
383 809 441 827 nobis.
468 809 515 827 Data
528 809 566 827 Cal.
578 809 663 833 Augusti,
672 809 734 827 Leone

185 836 204 851 et
213 833 280 851 Savino
289 833 405 852 Consulibus.
