806 1298
190 125 245 137 *xxxn
259 118 351 136 erunom
365 118 382 136 S.
397 118 467 136 Minci.
570 117 606 135 619

505 152 515 160 ,

61 171 97 189 quo
112 168 209 189 peccatum
221 171 259 183 non
272 166 366 184 inventum
380 167 413 187 est,
425 165 496 189 accepit
508 171 575 189 panem
588 165 606 183 in

61 196 125 208 manus
139 196 180 208 suas
193 193 271 212 sanctas,
283 193 301 208 et
313 190 383 214 aspexit
394 190 413 208 in
425 190 498 211 coelum,
511 193 529 208 et
540 190 607 214 gratias

61 215 103 238 egit,
113 215 132 234 -Ι-
141 217 160 233 et
167 215 267 236 benedixit,
276 215 295 234 -θ
304 217 322 233 et
331 214 456 236 sanctificavit,
465 214 484 233 -i-
493 216 512 233 et
519 214 579 238 fregit,
588 216 607 232 et
621 231 623 233 ,

61 239 107 258 dixit
119 239 211 264 discipulis
223 240 266 261 suis,
275 240 318 258 Hoc
330 242 358 257 est
371 245 437 263 corpus
449 245 516 261 meum,
525 239 607 263 accipite,

61 264 171 282 manducate
179 264 203 282 ad
214 264 339 282 remissionem
350 267 468 288 peccatorum
478 266 580 282 vestrorum
589 266 608 282 et

61 289 143 307 omnium
151 289 234 307 fidelium
244 295 334 310 verorum,
344 291 363 307 et
371 289 395 307 ad
404 289 460 307 vitam
469 290 561 307 aeternam.

86 314 174 332 Poenius.
200 314 265 332 Amen,
443 328 444 332 ,

66 341 68 343 ’
87 339 186 357 SAcenuos,
220 338 311 360 Similiter,
328 340 347 357 et
364 339 439 357 calicem
460 338 508 360 vino,
525 340 544 356 et
561 344 609 362 aqua

62 363 145 384 miscens,
162 363 181 382 -i-
196 363 295 384 benedixit,
311 363 330 382 ÷
345 363 472 384 sanctificavit,
488 363 507 381 ÷
522 363 609 387 deditque

62 387 153 412 discipulis
165 388 207 409 suis,
216 390 235 406 et
245 387 296 409 dixit,
308 388 344 406 Hic
357 390 385 406 est
396 388 469 412 sanguis
481 394 533 406 meus
546 388 610 406 Testa-

61 413 119 430 menti
131 412 186 434 Novi,
194 412 277 436 accipite,
286 412 340 430 bibite
352 418 375 430 ex
387 418 410 430 eo
423 419 455 430 vos
467 418 536 434 omnes,
546 413 570 430 ad
581 418 610 430 re—

61 437 165 455 missionem
174 439 293 461 peccatorum
301 437 325 455 ad
334 437 389 455 vitam
398 440 491 455 aeternam.

88 462 176 480 Popuws.
202 462 267 480 Amen.

88 486 186 504 Sscznuos.
207 487 232 504 Et
238 492 295 510 quum
303 486 343 504 haec
349 492 390 504 mea
394 489 487 510 praecepta
493 486 612 510 perfeceritis,

62 513 140 529 mortem
150 514 168 529 et
177 511 328 529 resurrectionem
336 517 396 529 meam
406 511 543 532 annunciabitis,
551 511 610 529 donec

64 541 140 554 venlam.

89 560 177 578 Poevnus.
204 560 270 578 Mortis
279 562 322 578 tuaer

89 585 189 603 SAcmnos.
215 585 325 603 Memoriam
338 585 457 607 celebrantes,
471 586 555 607 Domine,
566 586 611 604 Jesu

64 609 143 631 Christe,
151 610 208 628 totius
219 610 358 634 dispensationis
367 612 404 628 tuae
416 610 499 628 salutaris
510 616 544 634 pro
553 611 611 632 nobis,

64 640 76 652 a
93 635 219 659 conceptione,
235 635 336 656 nativitate,
351 637 370 652 et
383 634 473 659 baptismo
490 637 523 653 tuo
540 637 610 657 sancto,

64 659 152 683 passionis
160 661 198 677 tuae
211 659 300 681 salutaris,
312 659 376 677 mortis
385 662 422 678 tuae
431 659 514 681 vivificae,
521 660 611 678 triduanae

65 684 165 708 sepulturae
170 686 215 705 tuae,
220 684 303 708 gloriosae
309 684 446 702 resurrectionis
452 687 495 705 tuae,
502 685 612 703 ascensionis

65 711 103 727 tuae
112 709 130 726 in
140 709 214 730 coelum,
221 711 239 727 et
248 709 331 727 sessionis
336 711 374 727 tuae
379 709 403 727 ad
408 709 503 727 dexteram
509 709 542 728 Dei
548 710 612 731 Patris,

66 736 85 752 et
94 733 183 752 adventus
191 734 218 751 tui
227 733 323 755 tremendi,
331 735 350 751 et
358 734 439 755 timendi,
444 734 524 758 supremi
530 736 549 752 et
555 734 613 752 domi-

67 758 109 779 nici,
118 764 155 782 quo
161 758 277 782 judicaturus
290 764 309 776 es
320 758 410 779 homines,
419 761 438 776 et
446 759 535 776 retribues
544 759 614 777 unicui-

67 789 103 807 que
113 783 214 801 secundum
226 789 237 801 ο
251 789 282 800 era
293 789 338 800 sua:
351 783 471 807 deprecamur
480 786 498 801 te
508 783 586 801 Domine
595 783 613 801 in

67 807 102 825 hac
116 807 162 825 hora
175 807 231 825 timen
245 814 261 829 a,
278 809 297 825 et
309 807 327 825 in
341 807 376 825 hoc
389 810 472 831 tempore
490 808 579 829 tremoris,
596 810 615 826 et

67 833 133 850 metus.
159 832 250 856 Propitius
262 834 308 853 esto,
320 834 338 849 et
347 832 431 850 miserere
440 832 521 850 omnium
531 832 615 850 nostrum

68 863 101 880 per
109 857 243 875 miserationem
253 858 309 878 tuam,
319 859 337 875 et
345 857 419 880 ignosce
428 857 498 875 delictis
507 857 573 875 nostris
582 863 615 881 per

68 881 146 905 gratiam
154 884 211 899 tuam.
232 881 307 899 Dimitte
315 884 392 905 peccata
400 884 463 899 nostra
471 887 504 905 per
515 882 616 900 misericor-

69 906 117 924 diam
124 908 181 927 tuam,
187 908 206 924 et
211 905 301 924 auferinsi
315 906 378 924 ientias
385 909 456 924 nostras
462 906 481 924 in
487 907 515 924 die
522 906 616 925 abundan-

69 930 91 948 tis
100 930 228 948 misericordiae
237 932 274 948 tuae
282 937 286 951 ;
313 930 365 948 ealba
369 931 451 949 maculas
457 933 528 949 nostras
536 931 616 955 hyssopo

69 957 107 973 tuo¹
134 955 212 979 Propter
223 955 260 973 hoc
273 955 321 973 enim
335 955 418 973 Ecclesia
431 958 468 977 tue,
481 958 500 973 et
512 962 557 979 grex
574 958 617 974 tuus

70 980 93 998 de
106 982 180 998 recatur
187 982 212 1001 te,
221 982 240 997 et
248 986 281 1004 per
289 982 314 1001 te,
319 986 340 998 ac
346 982 408 998 tecum
413 981 485 998 Patrem
491 982 544 999 tuum
550 981 617 999 dicens.

110 1011 183 1023 opums.
210 1004 301 1022 Miserere.
