806 1298
215 119 265 132 xxw.
279 113 371 132 Lim-unam
385 113 402 131 S.
417 113 487 131 heom.
587 112 623 131 527

76 159 135 181 illum,
142 159 189 177 sicut
197 161 250 183 pater
258 165 335 177 summae
343 158 476 177 misericordiae.
501 158 575 177 Vocasti
581 164 624 176 eum

89 190 109 202 er
125 184 191 208 legem,
206 184 288 202 direxisti
304 190 347 202 eum
362 190 395 208 per
410 183 512 208 Prophetas
521 190 525 201 z
545 183 624 207 denique

75 190 134 227 Elium
143 211 196 227 tuum
204 209 318 233 unigenitum
326 209 344 227 in
353 208 443 227 mundum
454 208 524 229 misisti,
532 210 554 226 ut
562 208 625 232 imagi-

76 240 118 252 nem
127 236 178 252 tuam
187 236 296 255 renovaret;
310 234 342 257 qui
351 233 450 255 descendit,
457 236 475 251 et
483 233 588 251 incarnatus
597 235 625 251 est

75 258 98 277 de
107 259 175 287 Spiritu
186 260 256 280 sancto,
265 261 284 277 et
293 265 316 276 ex
328 261 392 277 sancta
400 258 493 276 Genitrice
503 258 536 276 Dei
545 264 625 282 semper-

76 289 112 308 que
120 283 190 312 virgine
203 283 267 305 Maria,
277 286 395 302 conversatus
403 285 431 301 est
440 289 482 301 cum
493 283 597 301 horninibus
606 284 625 300 et

76 308 137 326 omnia
146 308 170 326 ad
178 314 249 332 genens
258 308 315 326 nostn‘
324 308 402 326 salutem
410 308 493 326 instituit.

132 337 160 356 Et
169 337 238 356 clevum
246 344 310 359 vocem,
318 337 382 361 accipit
393 337 481 358 Oblatam,
490 340 508 355 et
516 337 570 355 dicit:

100 366 164 386 Quum
173 372 217 390 ergo
226 368 344 390 suscepturus
356 368 403 384 esset
414 368 493 384 mortem
504 366 626 384 voluntariam

75 397 109 415 pro
118 391 170 409 nobis
179 391 312 415 peccatoribus,
321 391 359 415 ipse
371 391 457 409 immunis
466 397 477 409 a
484 393 568 415 peccato,
576 391 595 409 in
604 397 626 409 ea

75 418 130 434 nocte
142 422 179 440 qua
191 416 291 434 tradendus
304 418 344 434 erut
356 416 439 439 pr04vita
452 418 471 433 et
483 416 542 434 salute
557 415 626 437 mundi,

75 440 147 465 accepit
158 447 225 464 panem
238 440 256 458 in
271 446 335 459 manus
348 446 390 458 suas
403 443 481 462 sanctes,
493 440 626 462 immaculatas,

76 468 95 483 et
103 465 262 487 incontaminatas,
270 467 289 483 et
299 465 364 483 levatis
376 465 434 483 oculis
442 465 460 483 in
473 465 547 486 coelum,
555 465 626 489 aspexit

76 490 99 508 ad
108 493 133 511 te,
143 490 193 508 Deus
202 490 263 511 Pater,
271 493 291 508 et
302 490 368 514 gratias
380 496 442 514 agens,
449 490 549 511 benedixit,
558 490 576 509 4·
586 496 627 508 san—

76 514 168 536 ctificavit,
178 515 196 534 ÷
204 514 265 539 fregit,
274 515 293 533 -i-
303 517 322 533 et
335 514 386 534 dedit
401 514 493 539 discipulis
508 515 545 533 suis
560 515 627 533 sanctis

76 542 95 558 et
102 539 196 564 Apostolis
207 539 276 561 dicens,
285 542 297 549 “
304 539 393 563 Accipite,
403 539 514 558 manducate
527 545 550 557 ex
562 546 585 557 eo
594 546 627 558 vos

76 570 146 582 omnes.
172 564 214 582 Hoc
224 567 251 582 est
260 570 327 588 corpus
335 570 403 585 meum,
410 564 461 588 quod
467 570 501 588 pro
509 564 561 582 vobis
567 567 586 582 et
593 570 627 588 pro

75 589 138 607 multis
146 588 238 613 frangitur
246 591 265 607 et
274 589 334 610 datur,
343 589 362 607 in
371 589 497 607 remissionem
508 591 627 613 peccatorum

77 616 96 632 et
105 614 160 632 vitam
173 614 277 632 aeternam.’'

101 643 193 661 Sacerdos.
219 643 305 661 Similiter
322 643 378 661 etiam
394 644 414 661 et
430 642 512 664 calicem,
528 645 627 667 postquam

77 670 202 689 coenaverunt,
210 668 289 686 miscens
298 668 340 686 vino
350 670 368 686 et
377 673 431 691 aqua,
440 670 459 685 et
468 668 534 692 gratias
543 674 599 692 agens
608 668 627 686 ÷

76 692 170 711 benedixit
179 693 197 711 -i-
207 692 334 714 sanctificavit,
344 692 363 711 -i-
371 695 390 710 et
399 692 449 711 dedit
459 692 523 711 iisdem
535 693 628 717 discipulis

76 717 170 741 Apostolis
181 717 248 735 sanctis
260 717 329 739 dicens,
338 719 349 727 “
356 717 444 741 Accipite,
457 717 512 735 bibite
524 723 548 736 ex
560 723 583 735 eo
595 723 628 735 vos

76 748 145 760 omnes.
172 742 208 760 Hic
221 744 249 760 est
260 742 334 766 sanguis
346 748 398 760 meus
410 742 524 760 Testamenti
536 742 585 763 novi,
597 742 628 767 qui

76 773 110 795 pro
119 767 176 788 vobis,
185 769 204 784 et
212 772 246 791 pro
258 766 321 784 multis
331 766 418 784 fidelibus
430 766 537 788 effunditur,
546 769 565 785 et
574 767 628 785 datur

76 792 95 809 in
103 791 230 809 remissionem
239 793 365 815 peccatorum,
374 793 393 809 et
402 791 458 809 vitam
467 792 570 810 aeternam!¹

102 821 191 839 Poenus.
216 821 282 838 Arnen

102 849 201 868 SAcnnnos.
228 849 271 868 Hoc
279 849 348 868 facite
343 855 362 868 m
372 849 479 868 memoriam
487 850 535 868 mei:
549 850 629 875 quoties-

77 880 158 898 cumque
171 875 220 892 eniru
233 874 367 893 manducabitis
378 880 446 899 panem
459 875 508 893 hunc
521 877 540 893 et
553 875 629 893 calicem

77 900 132 917 istum
145 899 216 921 bibetis,
228 902 307 918 mortem
320 905 381 917 meam
394 900 525 918 annuntiabitis
538 902 556 918 et
570 906 630 918 resur-

76 924 177 942 rectionem
186 930 246 942 meam
255 924 395 946 confitebimini,
404 924 463 943 donec
472 925 549 943 veniam.

103 953 191 971 Porums.
217 953 284 971 Mortis
291 956 335 975 tuae,
343 954 429 976 Domine,
436 954 543 972 memoriam
552 955 629 978 agimus,

76 978 231 996 resurrectionem
242 981 295 996 tuam
307 978 425 1000 confitemur,
434 981 453 997 et
464 979 564 997 adventum
577 982 629 997 tuum

77 1003 180 1022 secundum
192 1006 324 1028 expectamus3
342 1003 484 1023 misericordiam
498 1006 516 1022 et
529 1004 606 1032 gratiam
619 1010 631 1024 a
