806 1298
228 105 278 117 xxvr.
292 99 383 117 Lirumm
396 99 415 117 S.
428 99 499 118 heom.
601 100 635 118 531

85 151 136 163 meas
156 151 179 163 ne
199 146 309 167 memineris,
326 145 359 163 sed
379 145 480 164 secundum
500 145 636 164 muititudinem

86 170 223 188 miserationum
235 173 315 191 tuarum,
323 173 417 188 memento
428 170 464 188 mei
474 173 505 188 tu:
523 171 537 188 si
546 171 595 188 enim
603 171 637 189 ini-

86 195 166 218 quitates
179 195 308 216 observaveris,
321 195 405 216 Domine,
419 195 504 216 Domine,
516 195 556 219 quis
569 195 637 219 poterit

86 225 149 237 coram
163 222 181 237 te
195 220 299 238 sustinere?
319 219 368 239 Quia
383 226 394 237 a
407 220 432 237 ud
446 222 464 238 te
479 220 583 244 propitiatio
597 222 636 238 est:

79 244 138 262 <visita
146 250 176 262 me
185 247 204 262 et
215 244 293 269 purifica
304 250 340 266 me,
349 247 370 262 ut
378 250 391 262 u
404 245 410 262 i
422 244 521 263 abundavit
533 247 636 268 peccatum,

86 268 110 286 ibi
115 269 252 293 superabundet
256 269 315 293 gratia
320 271 357 287 tua.
384 269 480 287 Memento
485 269 546 290 etiam,
552 269 637 291 Domine,

86 299 150 312 eorum
158 294 188 318 qui
194 294 211 312 in
218 294 295 312 vinculis
301 294 365 318 jacent
371 296 404 312 aut
411 294 513 312 carceribus
521 294 636 312 detinentur:

86 318 164 337 fratrum
173 319 227 337 etiem
236 321 341 337 nostrorum
351 318 382 343 qui
391 319 409 337 in
419 319 473 337 exilio
482 321 524 337 sunt
533 325 537 337 :
555 318 637 337 infirmo-

86 349 134 365 rum,
141 346 173 361 aut
182 344 213 372 qui
221 344 269 362 male
277 343 339 362 affecti
348 346 401 361 sunt:
416 349 480 362 eorum
489 344 520 367 qui
527 350 538 361 a
545 344 637 368 spiritibus

86 368 344 390 immundismiestantuneut
351 368 448 392 agitantur.
473 368 568 386 Memenvo
576 369 637 390 etiam,

87 392 172 414 Domine,
189 393 241 415 aeris,
257 393 349 414 imbrium,
367 393 419 415 roris,
435 393 528 411 fructuum
547 396 601 411 terrae
618 395 637 411 et

86 423 161 436 coronae
170 418 224 439 anni3
240 418 288 436 oculi
297 418 345 436 enim
354 418 436 436 omnium
445 418 463 436 in
473 420 491 436 te
500 420 581 442 sperant,
589 420 608 436 et
616 420 638 436 tu

86 442 119 460 das
128 442 162 461 illis
172 449 232 461 escam
244 448 308 461 eorum
319 443 338 461 in
350 445 433 466 ternpore
444 445 561 467 opportuno:
578 443 638 467 aperis

87 469 108 485 tu
125 473 200 485 manum
218 470 269 486 tuam
286 467 371 485 omnibus
390 467 519 489 sufficientem,
537 469 556 485 et
572 468 637 492 imples

87 498 142 510 omne
157 492 224 510 animal
239 492 288 510 bona
303 495 336 510 tua
352 492 453 510 voluntate.
479 492 557 510 Eleum
574 498 636 510 vocem.

87 517 143 541 Eripe
157 523 194 538 me,
208 517 286 535 Domine
301 517 357 538 Deus,
370 517 393 534 ab
407 517 457 535 omni
473 517 563 541 angustia,
577 517 603 535 ira
618 519 637 535 et

87 542 202 563 adversitate,
213 541 236 560 ab
250 542 300 560 omni
313 541 448 559 machinatione
460 544 479 559 et
490 541 637 560 infestationibus

87 572 214 591 perversorum
225 566 327 588 hominum,
339 566 362 584 ab
374 566 425 584 omni
438 566 508 590 impetu
519 568 538 584 et
550 566 637 584 violentia

87 591 200 613 daemonum,
215 591 237 609 ab
255 591 305 609 omni
322 591 376 615 plaga
393 597 404 609 a
421 594 439 609 te
455 591 535 609 immissa
553 591 638 613 Domine,

87 622 129 640 quae
143 619 261 640 peccatorum
277 618 381 634 nostrorum
395 622 450 634 causa
464 615 517 633 nobis
533 616 605 638 accidit,
618 618 637 634 et

87 647 176 659 conserva
184 647 218 659 nos
229 641 248 659 in
260 640 297 659 fide
309 640 414 659 orthodoxa
423 643 441 659 et
450 640 577 659 observatione
586 647 637 659 man-

87 665 172 684 datorum
187 668 268 687 tuorum,
282 672 324 690 quae
338 668 402 684 sancta
415 668 465 687 sunt,
479 668 498 683 et
512 665 589 687 vivifica,
603 672 637 684 nos

86 696 154 715 nempe
160 693 179 708 et
186 697 250 709 omnes
257 691 288 715 qui
296 690 345 714 digni
351 690 427 709 fuerunt
436 696 498 708 coram
505 692 523 708 te
531 691 637 712 consistere,

87 717 106 733 et
114 715 180 734 uberes
189 722 200 733 a
208 718 226 733 te
234 715 366 733 misericordias
378 717 487 739 expectant:
505 716 548 739 quia
557 717 578 733 tu
587 715 637 734 Deus

87 746 113 761 es,
122 740 153 764 qui
165 741 191 758 vis
203 740 344 758 misericordiam
353 746 357 758 ε
371 743 390 758 et
398 740 430 758 tibi
443 740 519 764 gloriam
530 739 637 761 referemus,

88 765 119 783 διο.
171 765 258 783 ΡοΡυιυε.
284 765 349 783 Amen.

112 790 151 808 Pao
163 796 263 808 muamus
274 796 366 808 monueris
376 790 475 808 Dmconus.
501 789 572 807 Iterum
581 792 636 813 atque

86 814 153 833 iterum
165 820 330 833 commemoramus
341 814 407 832 fratres
416 817 489 832 nostros
497 814 567 835 fideles,
577 814 637 832 Chrie-

87 839 147 857 tianos
164 845 223 861 veros,
238 840 270 863 qui
285 839 336 863 prius
352 841 465 857 monuerunt
482 842 500 857 et
517 839 636 863 injunxerunt

86 864 140 882 nobis
158 864 235 882 infirmis
256 867 275 882 et
294 864 403 885 imbellibus,
420 866 441 882 ut
462 869 552 882 memores
572 870 636 882 eorum

86 895 167 907 essemus
180 889 199 907 in
212 889 249 907 hoc
263 889 350 913 temporis
364 889 453 907 articulo:
472 888 496 906 Et
509 894 543 912 pro
556 888 591 906 illis
605 889 636 912 qui

87 914 137 932 omni
145 920 212 938 genere
220 914 343 932 tentationum
351 916 370 931 et
379 913 501 931 afflictionum
510 913 570 931 vexati
579 916 626 931 sunt.

111 939 205 957 Sicanos
221 944 332 957 incutimus,
358 938 429 956 Rursus
444 938 547 956 meminisse
561 937 636 962 dignare

86 969 150 982 eorum
162 964 193 988 qui
205 963 300 983 nobiscum
312 963 330 981 in
343 963 425 981 oratione
437 963 545 984 consistunt,
555 963 636 985 Patmm,

87 989 177 1010 Fratrum,
190 989 358 1013 Magistrorumque
372 990 483 1009 nostrorum,
495 990 514 1005 et
527 994 591 1006 eorum
605 988 636 1011 qui
