806 1298
199 113 242 126 xxx.
256 108 347 126 erunom
360 108 378 126 S.
392 108 491 126 Murum.
587 109 623 127 595

73 153 164 174 Domine;
179 155 200 171 ut
211 153 229 171 in
242 153 277 172 inm
289 153 318 172 die
330 154 425 172 nobiseum
438 160 518 175 maneas,
528 156 547 172 et
557 154 622 172 faciem

72 180 123 196 tuam
141 184 196 202 super
211 184 245 196 nos
263 178 362 196 ostendas:
384 179 480 197 nobiscum
497 178 565 200 habita,
581 179 622 197 dele

72 205 149 226 peccata
166 204 185 220 et
204 203 309 226 iniquitates
329 205 400 221 nostras
422 209 464 227 quae
484 203 587 221 voluntarie
603 205 623 221 et

72 227 201 248 involuntarie,
210 227 288 245 scienter
300 230 319 245 et
331 228 438 252 ignoranter
449 227 537 249 feeimus3
554 228 624 246 munda

73 257 105 269 cor
111 254 201 273 nostrum,
208 254 227 270 et
235 251 330 270 sanctifica
336 252 416 270 animam
422 254 509 270 nostram.
536 253 623 276 Permitte

73 282 106 294 nos
118 276 150 294 tibi
162 276 322 300 appropinquare:
339 277 419 298 Oblatio,
428 279 447 295 et
458 277 558 301 gratiarum
570 277 623 295 sacri-

73 300 142 322 ficium,
159 301 255 319 incensum
275 301 375 325 spirituale,
391 302 448 319 intret
464 304 483 319 et
500 302 588 320 ascendat
604 302 623 320 in

74 327 175 349 conspeetu
183 325 284 344 sanctitatis
293 328 336 344 tuae.

157 350 214 371 Quum
223 350 300 368 incensat
309 351 373 372 altare,
382 351 426 369 dicit
436 351 543 369 Orationem.

99 374 202 396 Memento,
216 375 301 396 Domine,
314 375 374 393 unicae
390 375 479 393 Ecclesiae
495 378 532 393 tuae
549 375 623 394 Sanctae

73 399 192 423 Apostoiieae,
205 401 224 417 et
237 400 384 423 congregationis
399 402 443 421 tuae,
457 406 512 424 quam
527 400 623 424 possedisti

73 424 96 441 ab
107 423 164 442 initio.
191 424 286 442 Memento
300 424 379 442 Domine
393 424 480 448 Principis
493 425 556 446 nostri,
568 425 593 443 N.
605 427 624 443 et

72 448 186 470 Antistitum,
193 450 266 472 patrum
275 450 387 470 nostrorum,
397 449 550 470 Patu‘areharum,
560 449 624 467 Archi-

73 473 349 497 episcoporumAEpiscopm-um,
357 473 484 494 Sacerdotum,
492 473 623 495 Diaeonorum,

73 500 93 515 et
110 498 192 515 omnium
208 497 320 521 Apostolicae
335 497 378 516 fidei
393 498 490 516 cultorum.
520 498 623 519 Memento,

73 522 158 543 Domine,
170 522 226 546 Regis
239 522 302 543 nostri,
314 522 338 540 N.
350 524 369 540 et
381 522 462 540 omnium
477 522 549 546 Regum
563 522 624 541 Chris-

73 546 171 568 tianorum,
201 548 304 570 parentum,
333 546 445 565 famulorum
474 546 623 571 famularumque

74 573 153 592 tuarum,
163 570 240 589 fratrum
250 573 269 589 et
277 577 361 589 sororum
372 571 453 589 omnium
465 571 547 590 fidelium
556 571 624 590 dormi-

73 595 150 617 entium,
163 597 182 613 et
194 596 213 613 in
226 595 278 620 sig-no
291 598 347 613 rectae
360 595 403 614 fidei
418 596 556 620 quiescentium.
583 596 624 614 Me—

74 622 144 641 mento,
153 620 238 641 Domine,
248 620 412 644 congregationum
424 622 527 638 nostrarum
539 623 558 638 et
569 620 625 638 bene—

75 645 104 663 dic
113 644 144 663 eis.

100 669 194 687 Dmconvs
203 675 265 688 mors:
279 669 351 693 Surgite
359 670 379 688 in
389 670 496 688 orationem.

99 694 199 712 SAOERnos.
225 694 264 712 Pax
274 694 330 712 vobis.

100 719 188 736 Poenius.
214 719 239 736 Et
248 724 291 736 cum
295 719 362 742 'spiritu
371 721 409 737 tuo.

99 743 199 764 SAcERnos,
213 749 277 761 MAGNA
291 749 336 761 voce
352 749 442 763 smum-un
457 750 504 762 TER:
521 744 624 762 Adoramus

75 768 154 789 Patrem,
164 767 236 789 Filium,
244 770 263 785 et
272 768 359 792 Spiritum
368 768 385 786 S.
394 768 463 786 trinum
472 770 491 786 et
498 774 562 786 unum.

100 792 168 810 Pomm
178 798 278 810 mmmmm
286 798 332 810 mem
341 798 382 810 TER.

100 817 194 835 sAcnnnos
216 823 306 837 smurrmx
315 823 319 834 :
341 817 380 835 Pax
400 817 433 835 tibi
452 819 516 835 sancta
537 817 625 838 Ecclesia,

75 841 163 859 habitatio
174 841 230 865 pacis.
256 841 309 859 Salve
323 841 373 865 virgo
387 841 447 859 Maria
460 841 494 859 Dei
506 841 590 866 genitrix,
603 843 625 859 tu

75 872 95 884 es
101 866 215 884 thuribulum
221 872 303 887 aureum,
310 872 352 890 quae
358 866 456 884 carbonem
461 866 538 890 ignitum
543 866 624 890 portasti.

75 890 186 908 Benedictus
198 891 230 914 qui
242 897 283 908 eum
293 890 317 909 de
328 890 436 909 Sanctuario
448 891 517 915 recipit,
527 891 570 915 quia
582 896 624 908 vere

75 915 156 933 Verbum
170 915 204 933 Dei
216 915 255 939 ipse
265 917 298 936 est,
308 915 339 938 qui
350 917 428 939 peccata
440 915 516 933 remittit
524 918 543 933 et
551 915 624 939 eulpam

75 939 131 961 delet,
144 941 163 957 et
176 945 199 957 ex
214 941 232 957 te
246 939 302 957 homo
316 939 376 961 fectus
389 942 423 961 est,
437 942 456 958 et
470 940 519 958 Patri
532 945 551 957 se
564 940 624 963 ipsum

75 970 139 983 verum
156 964 251 982 incensum
268 966 287 982 et
303 964 406 988 preciosum
426 964 535 983 sacrificium
553 964 624 983 obtulit.

76 989 179 1007 Adoramus
187 990 206 1007 tc
215 988 287 1007 Christe
297 995 338 1007 cum
348 989 401 1007 Patre
411 991 443 1007 tuo
451 989 521 1013 optimo
530 991 549 1007 et
557 989 625 1007 miseri-
