806 1298
162 114 189 127 xv.
201 108 283 125 Maturus
293 113 314 125 ns
325 113 365 125 rus.
377 108 392 124 S.
404 108 452 127 ἔφη.
463 107 515 124 svin.
580 106 616 123 475

70 152 120 177 quod
128 158 205 171 uxorem
217 154 319 176 acceperat.
344 151 443 170 Venientes
453 153 514 170 autem
523 150 589 172 turbae,

70 183 112 202 quae
121 177 208 201 exequias
215 176 313 198 faciebant,
319 176 372 195 simul
378 182 420 195 cum
425 179 483 195 matre
492 176 531 200 ejus
536 176 591 194 vidua

67 202 184 227 jactaverunt
191 208 210 221 se
217 202 241 221 ad
247 202 303 227 pedes
310 202 355 226 ejus,
361 208 425 220 omnes
432 201 499 226 pariter
503 201 590 226 mugitus,

70 230 89 246 et
103 228 166 249 fletus,
180 230 200 246 et
213 227 292 252 gemitus
306 227 410 245 emittentes
425 227 520 251 rogabant,
537 228 558 245 ut
571 226 590 244 in

70 253 144 271 nomine
157 252 192 271 Dei
206 253 234 271 sui
246 252 294 271 sicut
303 252 418 274 Drusianam,
426 252 452 270 sic
461 254 480 270 et
487 252 536 270 hunc
543 251 596 275 juve-
603 254 608 261 ¹

69 284 112 296 nem
121 280 214 296 mortuum
227 277 328 296 suscitaret,
353 277 424 296 Tantus
437 279 498 296 autem
507 277 589 295 omnium

70 303 130 321 extitit
143 302 205 324 fletus,
216 305 236 321 ut
244 303 299 321 etiam
308 302 347 327 ipse
355 305 430 321 sanctus
438 302 532 327 apostolus
541 302 571 320 vix
579 307 591 320 a

69 328 116 346 fletu
124 330 143 346 et
151 328 237 352 lacrymis
242 330 357 352 temperaret.
383 327 437 346 Tunc
447 329 590 351 prosternensse

70 353 88 371 in
97 353 179 371 oratione
187 353 286 371 diun'ssime
292 352 349 374 flevit,
357 355 375 371 et
383 358 474 377 exurgens
479 352 502 370 ab
508 352 590 370 oracione

70 377 158 402 expandit
166 384 232 396 manus
240 384 282 396 suas
290 377 314 396 ad
322 378 396 399 eoelum,
404 378 459 396 tacita
464 383 518 402 prece
527 377 589 395 diutis-
596 379 608 387 ¹·

70 403 115 422 sime
123 403 186 421 oravit.
213 403 255 421 Hoc
266 409 323 427 quum
332 402 405 421 fecisset
413 402 473 423 tertio,
479 402 533 426 jussit
544 402 590 420 solvi

70 428 173 447 involutum
187 434 253 452 corpus
264 431 283 446 ei:
295 428 326 449 ait,
339 428 372 446 “O
382 427 455 452 juvenis
468 428 546 449 Stactee,
559 427 591 451 qui

69 459 131 472 amore
140 453 199 471 carnis
208 455 244 471 tuae
253 453 326 474 ductus,
339 453 375 471 cito
387 453 467 471 animam
475 452 560 471 amisisti:
573 452 590 470 Ο

67 478 140 502 juvenis
151 478 183 502 qui
191 477 265 496 nescisti
273 480 374 496 creatorem
383 480 442 499 tuum,
450 477 523 496 nescisti
532 477 590 496 salva-

70 506 128 522 torem
142 503 243 525 hominum,
256 502 329 521 nescisti
342 503 421 521 amicum
434 508 504 525 verum,
517 505 536 520 et
548 502 589 520 ideo
597 504 608 513 ¹¹

69 528 141 547 hostem
158 527 256 552 pessimum
273 528 369 546 incurristi.
395 528 430 546 Pro
443 527 546 552 ignorantia
558 529 590 546 tua

69 553 153 572 lacrimas
162 553 242 572 Domino
250 553 310 575 simul,
319 555 338 571 et
344 559 407 577 preces
413 552 477 574 effudi,
483 555 504 571 ut
511 558 589 577 exurgas

70 579 133 597 mortis
146 578 220 597 vinculo
233 578 330 600 resolutus,
339 580 357 596 et
366 578 403 596 istis
414 578 492 600 duobus,
500 578 562 596 Attico
571 580 590 595 ct

69 603 159 628 Eugenio,
168 603 271 625 annunties,
283 606 371 627 quantam
379 603 455 627 gloriam
463 603 561 625 amiserint,
570 605 589 621 et

70 631 158 653 quantam
177 628 287 646 incurrerint
306 629 394 652 poeuam.”
426 628 480 646 Tunc
497 634 588 652 exurgens
595 630 607 638 ¹'

70 654 154 672 Stacteus
169 653 251 672 adoravit
265 654 375 678 apostolum,
390 656 409 672 et
424 653 479 678 coepit
495 653 588 678 inerepare

69 678 169 703 discipulos
177 678 216 702 ejus
225 678 293 700 dicens,
308 681 320 689 “
326 678 392 697 Audivi
400 679 475 703 angelos
484 681 560 700 vestros,
569 680 588 697 et

69 704 142 722 Satanae
150 703 225 728 angelos
234 703 251 722 in
260 706 321 722 vestra
331 703 427 722 dilectione
436 703 543 728 gaudentes,
549 703 589 728 jam

69 731 153 753 paratum
170 728 221 747 vobis
241 735 265 747 ex
285 729 422 747 coruscantibus
438 729 514 753 gemmis
531 728 589 747 dietas

68 754 166 772 instructas
174 753 238 778 plenas
244 753 320 778 gaudiis,
329 754 392 778 plenas
397 753 462 778 epulis,
470 754 533 782 plenas
542 753 586 772 deli·
593 756 605 764 '¹

69 779 106 800 ciis,
115 778 178 803 plenas
191 779 233 797 vitae
245 782 345 803 perpetum,
358 778 421 803 plenas
434 778 506 797 luminis
519 778 588 800 aeterni,

69 803 133 828 plenas
150 803 308 825 delectationibus,
322 810 368 828 quas
383 804 466 822 amisistis
481 804 555 826 incauti,
570 806 589 822 et

70 828 171 853 acquisistis
179 828 230 847 vobis
236 828 277 847 loca
283 829 405 851 tenebrarum,
413 829 468 853 plena
474 828 589 850 draconibus,

69 854 125 878 plena
139 853 255 872 stridentibus
270 853 355 876 fiammis,
370 854 425 878 plena
441 854 556 876 cruciatibus,
570 857 590 872 et

70 878 242 903 incomparabilibus
259 879 324 903 poenis,
340 879 395 903 plena
411 879 516 903 pudoribus,
533 879 589 903 plena
595 881 607 889 ¹¹

70 904 169 925 doloribus,
177 904 230 928 plena
236 904 328 928 angustiis,
335 904 390 929 plena
395 904 466 926 timore,
475 907 493 923 et
499 907 577 923 tremore
583 911 588 926 ;

70 929 155 947 amisistis
163 929 210 950 loca,
217 929 272 953 plena.
279 929 356 947 floribus
362 929 546 951 immarcescibilibus,
552 929 590 959 ple-

70 960 95 972 na
112 953 212 973 mulcentia
226 954 301 972 vocibus
321 960 431 978 organorum
439 961 444 972 ι
457 957 476 973 et
489 955 590 979 acquisxstis

70 979 112 997 loca
123 979 142 997 iu
156 979 229 1003 quihus,
237 979 266 997 dic
279 982 379 1004 noctuque,
388 986 425 998 non
434 982 493 998 cessat
506 980 592 1004 mugitus,

71 1004 157 1026 ululatus,
166 1006 185 1022 et
193 1004 258 1022 luctus.
284 1004 325 1023 Jam
335 1004 379 1023 nihil
388 1004 437 1023 aliud
445 1005 496 1023 vobis
501 1007 589 1029 superest,
598 1007 610 1015 '³
