806 1298
159 110 192 122 ΧΠ,
214 105 300 122 Mamm-r
310 110 331 122 ns
342 110 375 122 Aor-
388 110 424 122 rur.
434 110 453 122 m
464 110 509 122 rani..
520 110 572 122 non.
605 106 636 122 48⁷

90 148 186 171 inlusores,
205 151 224 167 et
240 149 352 171 seductores,
368 151 387 167 et
403 149 476 174 pessimi
498 149 613 167 adhaererent

93 174 168 195 Simoni,
176 174 251 192 Petrum
260 180 335 198 magum
343 174 454 196 adserentes,
460 174 510 198 quod
515 174 549 198 ipsi
554 176 612 196 erant,

92 205 149 223 quum
163 199 256 217 Simonem
269 199 349 218 dicerent
364 199 424 218 Deum
436 205 480 217 esse.
506 199 543 220 Qui
553 205 613 217 sermo

91 230 151 248 usque
164 224 187 242 ad
200 224 294 242 Neronem
307 224 399 243 Caesarem
411 224 467 246 venit,
484 226 503 243 et
519 224 613 242 Simonem

93 249 176 273 Magum,
189 252 210 267 ut
223 249 247 267 ad
258 255 278 267 se
290 249 416 273 ingrederetur
428 249 527 274 praecepit3
541 249 573 273 qui
585 249 623 267 in-¹

92 280 166 298 gressus
174 274 230 299 coepit
238 276 286 292 stare
295 276 337 292 ante
346 274 446 296 Neronem,
452 277 471 293 et
476 274 536 292 subito
542 276 613 292 mutare

92 298 179 323 effigiem,
187 299 213 318 ita
218 301 239 317 ut
243 299 297 318 fieret
303 299 363 318 subito
369 305 420 324 puer,
426 302 445 318 et
451 302 493 324 post
500 299 541 318 haec
548 299 614 321 senior,

91 324 149 342 altera
159 330 203 343 vero
214 325 260 343 hora
275 324 413 343 adolescentior.
440 325 548 343 Mutabatur
562 330 614 346 sexu,

92 351 112 367 et
125 351 186 371 aetate,
199 352 218 368 et
230 356 264 374 per
276 350 343 368 multas
355 349 425 374 figuras
434 350 507 368 Diaboli
514 349 614 368 ministerio

89 374 198 398 jactabatur.
224 374 280 395 Quod
288 381 345 399 quum
354 374 423 393 videret
432 375 488 396 Nero,
495 381 559 393 verum
565 374 614 393 hunc
622 377 633 385 ¹·

92 405 132 418 esse
142 399 176 418 Dei
188 399 248 418 filium
261 400 373 418 aestimabat:
387 400 453 418 Petrus
463 406 506 418 vero
515 400 615 424 Apostolus

93 424 172 443 docebat
177 424 226 443 hunc
233 431 272 443 esse
278 424 338 443 furem
344 425 458 446 mendacem,
463 431 537 449 magum
543 427 615 449 turpem

92 449 209 471 sceleratum,
222 452 241 468 et
253 450 272 468 in
286 450 370 468 omnibus
384 456 426 474 quae
439 452 482 468 sunt
496 450 536 471 Dei,
551 449 616 468 adver·

92 475 161 493 sarium
174 475 261 496 veritatis,
274 474 356 499 nihilque
369 481 465 499 superesse
477 475 511 493 nisi
527 476 549 493 ut
562 474 616 499 jussu

94 499 129 518 Dei
137 499 177 524 ejus
186 499 272 524 iniquitas
280 499 397 518 manifestata
406 499 489 518 omnibus
497 499 613 524 panderetur.
622 502 633 510 ¹⁵

94 525 148 543 Tunc
161 524 253 549 ingressus
266 524 290 543 ad
303 525 396 543 Neronem
410 525 473 543 Simon
486 524 538 546 dixit,
549 524 615 543 “Audi

93 556 129 571 me,
145 549 193 568 bone
209 550 322 574 Imperator3
337 556 371 574 ego
384 556 425 568 sum
437 549 486 568 fssius
500 550 534 568 Dei
547 550 579 574 qui
592 549 615 568 de

93 574 142 593 coelo
157 574 249 597 descendi,
262 581 321 599 usque
336 574 392 593 modo
408 575 483 593 Petrum
496 575 527 599 qui
540 581 560 593 se
573 574 616 593 dicit

93 600 204 624 Apostolum
225 600 314 624 patiebar,
336 606 373 618 non
394 606 439 624 ergo
459 600 571 624 geminatum
589 602 617 618 est

94 625 176 643 malum:
189 625 257 643 Paulus
271 625 349 649 denique
363 625 394 649 qui
404 627 422 643 et
434 625 473 649 ipse
482 625 546 643 eadem
555 625 614 646 docet,
621 627 633 635 ’⁸

95 652 114 668 et
122 652 187 668 contra
193 656 223 668 me
230 650 285 668 sentit
291 650 345 668 simul
354 650 420 668 dieitur
429 656 471 668 cum
480 656 502 668 eo
511 650 616 675 praedicare,

95 675 145 699 quod
151 677 223 693 constat
229 675 272 699 quia
278 675 312 693 nisi
321 675 343 693 de
349 675 424 693 interitu
431 681 494 693 eorum
503 675 616 700 cogitaveris,

94 706 172 724 regnum
180 702 233 718 tuum
242 702 290 718 stare
298 706 336 718 non
344 700 425 725 poterit?

121 725 174 743 Tunc
186 725 237 744 Nero
245 725 360 743 solicitudine
369 725 465 749 instigat-us
477 725 585 743 festinanter
594 725 617 743 sd

96 756 115 768 se
124 756 156 768 eos
162 750 217 774 jussit
225 750 296 768 adduci.
322 750 364 768 Alio
377 753 439 768 autem
452 750 481 768 die
494 756 552 774 quum
560 750 635 768 intro-¹¹

94 774 152 794 issent
173 775 197 793 ad
217 775 311 794 Neronem
328 775 391 793 Simon
409 775 481 799 Magus,
499 777 518 793 et
534 775 617 799 Apostoli

96 800 164 818 Christi
177 800 248 822 Petrus,
261 802 279 819 et
292 800 365 822 Paulus,
379 800 443 819 Simon
456 800 507 822 dixit,
520 800 562 818 “Hi
574 802 617 818 sunt

96 825 179 849 discipuli
187 825 235 843 illius
244 825 335 844 Nazareni
345 825 411 849 quibus
419 831 456 844 non
465 827 492 843 est
499 828 537 843 tam
544 825 590 843 bene
597 827 618 843 ut

97 850 134 868 sint
146 850 169 869 de
182 850 235 875 plebe
249 850 371 869 Judaeorum.”
397 850 447 869 Nero
455 850 506 872 dixit,
514 850 582 871 “Quid
590 853 618 868 est

97 875 191 894 Nazareus
197 876 213 893 Τ
226 875 289 894 Simon
303 875 354 897 dixit,
367 878 378 885 ¹¹
386 876 420 894 Est
434 875 501 894 Civitas
513 875 532 894 in
545 875 635 897 Judaea,³⁰

97 906 140 924 quae
153 906 226 925 semper
240 900 337 919 adversum
352 907 385 919 vos
400 900 457 922 fecit3
471 900 511 919 haec
525 900 618 919 Nazareth

96 925 169 947 dicitur,
185 928 204 943 et
219 931 242 943 ex
257 925 297 950 ipsa
313 925 348 944 fuit
363 926 449 950 magister
463 926 542 944 eorum?
567 925 617 944 Nero

97 950 150 972 dixit,
163 951 233 969 “Deus
246 956 320 969 omnem
333 950 427 969 hominem
437 953 505 972 monet,
522 952 541 969 et
556 950 617 975 dfligit

98 976 128 994 Tu
142 982 198 1000 quare
211 982 243 994 eos
255 976 392 1000 persequeris?
405 976 468 994 Simon
483 976 534 998 dixit,
547 976 619 994 “Istud

97 1000 191 1019 hominum
200 1003 228 1019 est
236 1007 294 1025 genus
300 1001 331 1025 qui
336 1003 394 1019 totam
400 1001 484 1020 Judaeam
491 1003 618 1025 perverterunt
624 1003 637 1011 ¹¹
