806 1298
173 120 210 138 648
250 120 314 139 Coum<
327 120 450 139 APOCRYPHUS
464 121 513 139 Novi
527 120 652 140 Tnsnuzmt.

198 166 297 184 SAcenuos.
323 166 400 184 Sursum
409 167 470 185 corda.

198 191 287 209 Poruuis.
314 191 409 209 Habemus
418 192 442 210 ad
451 191 557 210 Dominum,

197 215 297 234 SAcznnoe.
323 216 395 234 Gratias
404 222 485 241 agamus.

199 241 287 259 Puruws.
313 241 395 265 Dignum
404 244 422 259 et
428 241 500 265 justum
508 244 541 260 est.

199 265 292 284 SAcannos
302 271 414 284 mcum-rus.
440 266 486 284 Vere
496 266 572 290 dignum
582 268 601 284 et
610 266 682 291 justum
691 270 727 289 est,

175 290 242 308 decens
251 293 270 308 et
279 290 367 312 debitum,
376 290 408 309 tibi
417 291 493 315 gloriam
503 291 553 313 dare,
562 291 605 315 quia
617 294 691 310 sanctus
700 298 728 314 es,

174 317 193 333 et
201 315 277 339 largitor
284 315 331 334 vitae.
358 315 439 339 Dignum
446 316 496 334 enim
503 318 530 334 est
537 318 558 334 ut
565 318 584 334 te
590 316 716 340 glorificemus
724 324 729 335 τ

174 340 244 364 tibique
256 340 333 358 debetur
344 340 409 364 gloria,
417 346 489 364 nosque
500 340 554 359 decet
566 341 642 359 laudare
653 344 678 363 te,
687 342 730 360 tibi-

175 371 211 389 que
228 365 296 389 gratias
312 371 372 389 agere,
388 365 431 389 quia
448 365 556 384 benedictus
573 372 599 387 es,
614 366 667 384 simul
684 372 728 384 cum

175 390 229 408 Patre
238 392 278 411 tuo,
287 392 305 408 et
315 390 383 414 Spiritu
392 392 425 408 tuo
434 390 476 408 vivo
485 392 504 408 et
512 393 583 409 sancto.

200 414 285 433 Emvms
303 421 370 433 vocem.
403 415 471 433 Coram
488 417 507 433 te
524 415 573 433 enim
590 417 640 433 stant
656 416 727 434 circum

175 440 275 458 Cherubim
292 440 381 458 habentes
395 440 451 458 iacies
467 442 557 464 quatuor:
580 440 676 464 Seraphim
693 447 727 459 sex

175 465 207 483 alis
221 465 318 483 instructi:
337 471 415 489 quarum
430 465 501 483 duabus
516 467 582 489 tegunt
599 464 655 483 facies
672 472 727 484 suas:

175 490 246 508 duabus
261 490 330 514 pedes:
350 490 422 508 duabus
439 490 522 508 volantes
539 489 585 507 alter
602 490 625 508 ad
642 490 728 512 alterum,

175 521 230 533 voces
238 521 293 539 puras
302 517 321 533 et
330 517 432 533 concentus
441 514 518 535 divinos,
528 514 613 536 clamant,
627 514 729 533 vociferan-

174 542 211 560 tur,
221 542 239 557 et
248 539 313 558 dicunt
321 542 354 558 ter.

201 564 289 583 Poenus.
315 565 399 586 Sanctus,
409 564 493 586 sanetus,
502 564 586 583 Sanctus.

201 589 295 607 SAcEanos
310 595 422 608 menum-us.
449 589 533 611 Sanctus,
548 590 632 611 Sanam&
648 590 729 608 Sanetus

176 620 202 635 es,
211 614 296 636 Domine,
305 614 359 638 piene
371 614 523 635 miserationibus,
532 616 551 632 et
562 614 697 638 propitiatione,
708 617 729 633 et

175 639 283 658 misericors.
315 639 393 658 Sanctus
411 639 466 657 etiam
484 639 589 663 unigenitus
606 639 661 658 Filius
678 642 727 658 tuus.

176 665 255 682 Sanctus
269 670 344 688 quoque
359 664 436 688 Spiritus
450 666 494 682 tuus
507 666 581 683 sanctus
594 666 613 682 et
627 664 727 683 vivificans.

176 689 255 707 Sanctus
273 695 292 707 es
307 691 328 707 tu
344 691 363 707 et
379 689 454 713 largitor
472 689 575 707 bonorum:
593 689 636 712 quia
652 692 729 714 propter

176 714 254 732 salutem
276 716 358 732 nostram
379 714 483 737 unigenitus
508 713 563 732 Filius
588 716 631 732 tuus
653 720 729 732 carnem

176 739 275 763 assumpsit
288 745 311 757 ex
325 738 398 762 Virgine
414 738 479 760 Maria,
493 741 512 757 et
524 744 558 762 per
572 738 727 762 dispensationem

176 770 228 782 suam
241 764 321 782 divinam
334 763 411 782 salvavit
423 766 443 781 et
452 763 535 781 liberavit
547 769 582 781 nos
593 769 605 781 a
616 764 727 787 captivitate.

176 788 213 809 Qui
233 795 290 812 quum
308 794 342 813 pro
361 788 415 806 nobis
432 788 489 806 homo
507 787 568 806 factus
586 790 639 809 esset,
657 788 728 812 absque

176 814 285 835 mutatione,
303 813 327 831 ad
348 819 422 831 crucem
441 813 502 831 venit:
523 815 543 830 et
561 815 604 831 ante
622 813 727 837 passionem

177 844 229 856 suam
239 838 335 860 vivificam,
341 838 413 862 accepit
421 844 487 862 panem
496 838 515 855 iu
524 843 589 855 manus
598 843 640 855 suas
649 840 728 859 sanctas,

178 863 197 882 -i-
211 863 310 885 benedixit,
326 863 344 882 -Ι-
360 862 486 884 sanctificavit,
501 862 520 881 -i-
535 862 590 886 fregit
607 864 625 880 et
642 862 729 884 comedit,

178 889 265 912 deditque
278 888 370 912 discipulis
383 888 420 906 suis
433 888 507 906 dicens:
524 887 607 911 Accipite
620 890 638 905 et
651 887 729 906 mandu-

178 916 219 932 cate
231 919 254 932 ex
266 919 300 931 eo:
319 913 361 931 Hoc
373 914 401 931 est
413 918 480 936 corpus
491 918 560 933 meum,
568 912 618 936 quod
629 918 664 936 pro
676 912 728 930 vobis

178 941 197 957 et
216 944 250 963 pro
269 938 332 956 multis
350 937 442 961 frangitur
458 939 477 955 et
494 936 549 955 datur
564 937 583 955 iu
603 937 729 956 remissionem

177 966 303 988 peccatorum,
311 965 330 981 et
339 963 394 981 vitam
403 964 497 980 aeternam.

203 989 291 1007 Porums.
317 988 382 1006 Amen.

204 1014 304 1032 Smnnnos.
331 1012 415 1031 Similiter
430 1014 448 1029 et
462 1011 543 1032 calicem,
556 1013 654 1035 postquam
668 1017 731 1030 coena-
