806 1298
225 124 283 137 xxvu.
297 119 388 137 Lircncu
401 119 419 136 S⁴
433 119 496 136 Periti.
601 119 638 136 555

81 164 174 185 distincta,
189 164 283 182 extollunt
299 170 360 185 voces,
377 164 463 185 clau-iant,
479 163 602 181 vociferantur
618 166 637 181 et

84 189 149 206 dicunt
157 195 162 206 ι

108 213 198 231 Pervius.
225 213 310 231 Sanctus,

108 238 203 256 Smnrmos
216 243 329 255 mcmm'ms.
355 238 402 258 Quis
417 238 466 255 enim
479 237 550 255 infinite
563 240 638 255 sanctus

83 264 117 283 est,
126 265 159 280 aut
170 268 182 280 a
193 268 230 286 quo
243 268 347 286 quaeremus
358 262 430 280 fontem
442 262 557 283 sanctitatis;
575 265 608 280 aut
620 262 638 280 in

84 292 123 310 quo
136 289 164 304 est.
178 287 229 310 origo
243 287 329 311 perennis
343 289 450 305 sanctorum
464 286 498 304 nisi
512 286 530 304 in
545 288 569 308 te,
584 287 639 304 Pater

84 311 172 335 ingenite,
183 313 203 329 et
213 311 232 329 in
246 311 291 329 Filio
304 313 343 332 tuo,
355 314 406 333 nato,
418 311 519 333 adorando,
530 311 561 335 qui
574 317 584 329 e
597 312 639 330 sinu

84 340 117 354 tuo
129 336 203 360 prodiit,
212 339 232 354 et
243 336 261 354 in
274 336 342 360 Spiritu
354 338 393 357 tuo,
403 336 435 360 qui
444 342 482 354 non
494 336 620 359 temporaliter
628 342 640 354 a

84 363 104 379 te
125 360 223 385 procedit?
245 366 278 384 per
299 361 416 379 sanctitatem
436 360 639 384 incomprehensibilem

85 385 204 403 conscientiae
217 385 279 403 habita
290 385 308 403 in
321 385 380 407 nobis,
393 385 489 403 sanctifica
500 391 540 407 nos,
552 387 571 403 et
582 385 639 409 dirige

85 416 125 428 nos,
152 410 195 427 Non
204 410 290 431 tenuiter,
298 410 330 428 sed
340 410 405 428 beate:
419 412 438 428 et
446 410 548 428 secundum
557 416 639 428 amorem

84 436 137 452 tuum
151 440 195 458 erga
206 434 290 452 homines
303 435 376 458 purgati
392 435 448 452 simus
461 440 472 452 a
486 435 607 458 passionibus,
621 438 639 453 et

85 459 169 477 mundati
181 465 192 476 a
208 459 286 477 vinculis
301 459 377 483 peccati,
391 461 412 477 ut
425 459 527 477 doctrinam
542 459 638 483 mysticam

85 483 175 507 unigeniti
187 483 226 501 Filii
238 483 265 501 tui
277 484 403 507 suscipiamus,
411 485 430 501 et
439 485 500 501 tecum
509 484 532 501 sit
541 483 638 502 delectatio

87 510 156 526 nostra.

110 533 196 550 ELEVANS
205 539 272 550 vocum.
299 533 324 550 Et
331 530 389 556 quum
396 532 471 557 epulum
480 532 525 550 illud
532 533 555 551 de
562 538 639 557 corpore

86 559 106 575 et
117 557 206 581 sanguine
217 559 282 575 sancto
293 559 412 581 praepararet,
421 557 473 575 nobis
484 557 613 581 impertiendo,
621 560 640 576 et

85 582 189 606 propinqua
201 584 249 600 esset
261 582 345 600 salutaris
358 582 398 605 ejus
411 582 477 605 passio,
489 588 556 606 panem
568 583 640 606 wccepit

86 612 141 630 super
149 612 216 624 manus
225 612 267 624 suas
276 606 299 624 ab
309 606 358 624 omni
368 606 453 624 macula*
448 612 546 628 immunes,
552 609 571 624 et
580 607 640 625 eleva-

86 631 113 649 vit
130 637 178 652 eum,
196 633 215 648 et
232 634 308 655 aspectu
325 631 396 652 visibili,
413 633 453 648 tum
469 631 524 649 etiam
541 631 640 650 insensibili

86 656 214 673 benedictione
224 656 309 680 dignatus
318 658 351 677 est,
361 658 379 673 et
387 655 482 673 benedixit
490 661 539 677 eum,
548 656 566 674 ÷
574 657 640 674 sancti-

88 680 151 698 ficavit
160 686 202 698 eum
212 680 231 699 -i-
240 682 259 698 et
267 680 321 704 fregit
328 680 347 699 -Ι-
356 680 443 704 deditque
452 680 544 704 discipulis
553 681 641 704 apostolis

87 705 124 723 suis
141 705 210 726 dicens,
228 705 335 728 “Mysteria
351 705 391 723 haec
410 705 475 723 viatica
492 705 543 723 vobis
560 706 603 727 sint,
620 709 639 724 et

88 729 244 753 quandocumque
256 729 356 747 comedetis
368 729 417 748 istud
428 729 451 747 ad
464 730 540 748 modum
552 730 640 753 alimenti,

88 754 156 772 credite
172 756 191 771 et
206 756 277 772 certum
294 754 367 775 habete,
382 754 433 777 quod
450 756 478 772 est
495 760 561 778 corpus
577 761 639 773 meum

87 778 138 802 quod
150 784 184 802 pro
196 778 248 796 vobis
259 781 278 796 et
291 785 324 802 pro
337 779 399 796 multis
410 778 506 802 frangitur,
518 781 536 796 et
549 778 603 797 datur
616 780 640 797 ad

87 803 212 827 expiationem
224 803 338 824 delictorum,
350 803 476 821 remissionem
489 805 612 827 peccatorum,
621 806 639 822 et

85 828 144 845 vitam
153 829 258 845 aeternaml'
410 828 496 846 Porvcus.
522 828 588 846 Amen.

114 852 213 870 SAcznnos.
239 852 325 870 Similiter
333 854 352 870 et
361 852 437 870 calicem
449 854 547 876 postquam
556 859 641 872 coenave-

88 879 138 898 runt,
146 877 220 895 miscuit
231 877 273 895 vino
286 879 304 894 et
313 883 367 905 aqua,
376 877 395 895 ÷
404 879 423 895 et
434 877 527 895 benedixit
536 884 584 899 eum,
593 878 612 896 ÷
622 881 641 896 et

88 901 215 922 sanctificavit,
223 901 242 920 -i-
249 904 268 919 et
275 901 325 919 dedit
332 901 424 925 discipulis
432 902 468 919 suis
477 902 564 925 apostolis
572 902 640 924 dicens,

88 925 195 949 “Accipite,
206 925 262 943 bibite
275 932 299 944 ex
309 932 332 944 eo
345 932 378 944 vos
391 932 466 944 omnes:
484 926 514 944 bic
527 929 555 944 est
568 927 641 951 sanguis

88 956 141 968 meus
153 950 202 968 Novi
214 950 334 972 Testamenti,
346 951 377 974 qui
390 956 424 975 pro
437 950 488 968 vobis
502 953 520 968 et
533 957 567 975 pro
579 952 641 970 multis

88 975 190 993 effunditur
197 977 216 993 et
222 975 291 996 datur,'
287 981 305 993 in
313 975 385 993 veniam
392 975 508 996 delictorum,
515 976 640 994 remissionem

89 1002 209 1024 peccatorum
218 1002 237 1017 et
245 1000 300 1017 vitam
313 1001 416 1018 aeternaml’
