806 1298
213 128 257 141 xxx.
271 122 362 141 ermmm
375 123 393 141 S.
407 122 507 141 Mun-im.
600 121 634 139 591

86 168 160 192 patione
172 170 191 186 et
203 168 321 187 Saeramento
331 175 364 186 suo
377 168 480 189 benedicto,
489 169 509 185 ut
521 167 636 185 dimittantur

86 192 138 210 nobis
147 195 224 216 peccata
232 195 300 211 nostra.

110 217 204 235 Smmmos
214 223 336 237 svnsmurrun
344 224 349 236 z
363 218 389 235 Ut
397 217 519 242 perducamus
528 216 578 234 hune
587 216 636 234 diem

85 241 173 260 Sanctum
182 242 200 260 in
210 242 260 260 omni
269 244 352 266 tempore
360 242 402 260 vitae
414 243 489 263 nn'strae,
497 241 516 259 in
525 241 575 259 omni
583 246 635 264 pace,

85 272 128 284 cum
137 267 204 285 timore
214 269 252 285 tuo
278 267 356 285 Omnem
365 266 457 288 invidiam,
466 268 485 284 et
493 271 567 284 omnem
577 267 636 283 tenta-

84 291 159 312 tionem,
171 293 190 309 et
203 297 258 309 omne
271 297 318 315 opus
331 293 413 309 satanae:
431 291 527 309 consilium
540 290 635 308 hominum

84 315 181 337 malorum,
193 315 321 334 insultationes
335 316 403 334 inimici
418 315 533 334 absconditas
546 317 565 333 et
578 314 635 333 mani-

83 340 146 362 festas,
154 340 221 364 elonga
232 343 251 359 et
262 341 334 365 expelle
342 347 354 359 a
362 347 391 359 me
404 343 422 359 et
434 340 457 358 ab
469 340 553 358 universo
564 339 634 368 populo

83 367 123 387 tuo,
134 367 153 383 et
164 365 187 383 ab
199 365 236 383 hoc
248 365 289 383 loeo
302 368 366 383 sancto
378 367 416 384 tuo.
442 365 509 383 Omnia
520 365 575 386 bona,
584 364 635 388 quic-

83 389 130 413 quid
142 390 205 413 utique
220 392 296 414 praestat
310 392 329 408 et
340 390 400 415 juvat,
414 390 492 414 impetra
506 389 532 407 eis
546 395 579 413 per
594 394 634 410 nos,

83 414 127 438 quia
135 416 156 432 tu
165 420 184 432 es
193 415 225 438 qui
233 414 299 432 dedisti
307 415 360 432 nobis
371 417 488 443 potestatem
492 416 513 432 ut
521 414 634 432 calcaremus

82 441 187 462 serpentem
197 441 216 457 et
228 440 349 463 scorpionem,
358 442 377 457 et
389 445 462 457 omnem
472 439 508 457 vim
516 438 596 456 inimici.
610 444 634 456 ne

81 463 159 481 inducas
171 469 206 481 nos
220 464 298 481 Domine
311 464 330 481 in
346 464 473 485 tentationem,
486 463 519 481 sed
532 463 601 481 redime
615 464 634 480 et

82 488 140 506 libera
155 494 189 506 nos
205 488 227 506 ab
242 489 292 506 omni
308 488 369 506 malo:
389 494 422 512 per
436 488 513 512 gratiam
530 490 549 505 et
566 487 634 505 miseri-

83 512 164 530 cordiam
178 515 197 530 et
210 518 291 531 umorem
304 519 348 537 erga
361 513 463 531 humanum
477 518 541 536 genus,
554 512 593 530 Filii
606 512 633 530 tui

82 537 131 555 unici
142 537 215 555 Domini
225 537 259 555 Dei
267 539 286 555 et
298 538 427 561 Redemptoi-is
439 537 498 556 nostri
506 537 551 555 Jesu
560 536 634 558 Christi,

82 567 125 579 cum
138 568 182 586 quo,
193 562 226 580 tibi
239 568 276 580 una
289 568 331 580 cum
345 564 409 580 saneto
423 562 497 586 Spiritu,
509 564 528 579 et
539 561 603 585 gloria,
615 564 634 579 et

82 588 169 610 potestas,
182 593 238 608 nunc,
252 589 270 605 et
283 593 361 611 semper,
373 589 391 605 et
404 587 423 605 in
436 587 504 605 saecula
516 586 633 607 saeculorum,

82 611 149 629 Amen.

176 636 214 654 Pro
223 636 337 660 offerentibus
345 643 422 655 munera,
448 636 540 655 Sacerdos.

107 661 178 679 Iterum
199 667 284 685 rogemus
307 661 452 685 omnipotentem
477 661 538 679 Deum
559 661 632 679 Patrem

82 685 162 707 Domini,
171 685 205 703 Dei
215 687 233 703 et
245 685 374 709 Redemptoris
383 686 440 704 nostri
452 686 497 704 Jesu
506 685 584 704 Christi:
598 691 632 709 pro

81 710 102 728 iis
117 710 149 734 qui
165 710 272 728 obtulerunt
285 716 362 728 munera
376 713 452 732 sanctae,
466 711 531 732 unicoe,
546 716 589 734 quae
604 711 633 728 est

81 740 135 758 super
148 740 218 756 omnes,
227 735 321 756 Ecclesiae,
331 735 440 753 sacrificium
452 735 521 753 scilicet
532 735 632 759 primarum

81 759 193 777 decimarum
199 759 297 783 gratiarum
304 760 380 778 actionis
386 760 458 783 signum
464 762 482 778 et
488 760 621 778 monimentum
627 766 631 776 :

81 790 114 801 seu
129 786 191 802 autem
209 784 249 808 quis
264 784 343 802 multum
359 784 452 806 obtulerit,
467 790 499 802 seu
513 790 585 808 parum,
599 789 631 801 seu

81 811 159 830 secreto,
165 814 198 826 seu
207 809 274 832 palam,
280 815 313 827 seu
322 809 385 827 volens
393 811 411 827 et
420 815 458 827 non
466 809 542 830 habens,
549 808 631 826 omnium

81 833 204 856 amplectatur
228 833 341 851 voluntatem
368 834 399 857 qui
427 834 521 852 coelestem
545 833 632 857 Spiritum

81 858 145 879 donat,
162 860 181 875 et
197 858 216 876 in
234 864 272 882 quo
292 858 373 876 omnium
394 858 485 877 bonorum
506 864 583 882 operum
603 860 631 876 est

81 884 169 906 potestas,
179 882 268 901 Dominus
279 883 328 901 Deus
337 885 403 901 noster.

107 907 200 925 Dneouus
210 913 271 925 meir:
285 907 341 925 Orate
350 913 383 932 pro
390 908 411 926 iis
418 908 449 931 qui
458 908 540 926 tulerunt
549 913 630 925 munera.

106 931 211 950 chznnos:
227 932 305 950 Domine
319 932 369 950 Deus
381 933 503 957 omnipotens,
514 938 600 956 rogamus
611 934 630 950 te

80 958 99 974 et
116 962 222 980 quaesumus
238 962 270 981 pro
285 956 307 975 iis
322 957 352 981 qui
368 957 474 975 obtulerunt
489 957 538 975 dona
555 959 630 978 sanetae,

81 981 147 1002 unicae,
156 987 198 1005 quae
208 987 263 1005 super
272 987 336 1000 omnes
348 984 381 1003 est,
390 982 489 1003 Ecclesiae;
507 988 540 1000 seu
551 982 630 1000 multum

79 1005 179 1024 obtulerint
186 1012 219 1024 seu
225 1012 289 1030 parum
295 1006 332 1024 sive
338 1009 409 1025 secieto
415 1007 452 1025 sive
458 1007 518 1031 palam
524 1007 561 1025 sive
567 1013 577 1025 v
579 1007 629 1025 olen-
