806 1298
221 116 271 129 xxxl.
285 111 376 129 erunom
389 111 407 129 S.
421 111 490 129 ΜΑιιοῐΔ
537 114 540 116 “
596 112 631 130 621

85 159 195 181 perpetratae
213 159 262 178 sunt,
283 160 372 181 tanquam
389 157 463 175 homine
486 161 541 175 came
561 158 632 176 vestito.

86 182 161 206 Suscipe
170 181 225 200 etiam
234 182 257 200 de
261 182 345 200 manibus
350 182 395 200 meis
400 182 509 200 sacrificium
515 182 551 200 hoc
557 183 633 206 praecla-

85 212 133 227 rum,
146 209 165 224 et
177 206 299 228 incruentum,
310 209 329 224 et
343 207 412 225 extolle
426 213 484 225 cornu
498 206 579 225 ecclesiae
595 211 632 225 tuae

85 233 160 252 sanctae,
173 234 214 249 toto
227 231 271 249 orbe
284 231 364 253 diffusae,
376 234 395 250 et
408 232 479 250 custodi
494 233 576 255 pastores
593 232 632 256 ejus

86 256 210 274 Orthodoxos.
236 256 330 280 Praecipue
348 256 448 274 Dominum
465 256 489 274 N.
509 256 633 274 Patfiarcham

85 283 175 302 nostrum,
193 282 212 298 et
230 281 330 298 Dominum
344 281 367 299 N.
381 281 494 305 Episcopum
506 283 596 302 nostrum,
613 284 632 299 et

86 305 220 329 Metropolitas,
233 307 252 323 et
264 305 365 329 Episcopos
378 305 498 324 Orthodoxos
510 305 529 323 in
544 306 633 330 tranquil-

84 330 142 351 litate,
152 333 171 348 et
184 336 229 354 pace
239 330 323 348 omnibus
332 330 396 349 diebus
409 331 451 349 vitae
459 337 497 349 suae
506 337 510 348 :
523 330 632 349 Sacerdotes

85 361 160 379 quoque
173 355 256 376 decoros,
269 357 288 373 et
301 361 359 376 veros,
372 358 391 373 et
404 356 496 373 Diaconos
505 355 605 376 modestos,
614 358 633 373 et

84 385 147 404 puros,
155 382 174 397 et
181 385 255 398 omnem
264 379 347 398 ordinem
355 380 408 398 altari
416 383 449 398 tuo
458 382 521 398 sancto
530 380 633 398 deservien-

85 407 123 422 tem
138 404 215 425 honora,
231 406 249 422 et
263 404 334 422 custodi
347 404 388 423 illos
403 404 426 423 ab
440 405 524 423 omnibus
539 404 585 423 dolis
600 410 633 429 per

85 429 162 453 gratiam
170 431 227 447 tuam.

110 454 195 472 ELEVANS
204 459 270 472 vocem.
293 453 387 472 confirma
392 454 471 472 Domine
478 460 510 478 per
517 454 632 472 clementiam

85 480 142 500 tuam,
161 478 256 496 ecelesiam
277 480 328 496 tuam
345 480 428 496 sanctam
442 479 460 496 in
478 478 567 502 praeclaro
582 480 632 496 statu

84 509 149 521 eorum
158 503 189 527 qui
201 503 220 521 in
233 503 256 520 lea
264 505 377 521 sacramenta
388 503 521 524 administrant,
529 503 602 527 piorum
613 505 632 521 et

85 530 182 546 rectorum.
209 527 309 551 Episcopos
314 528 353 551 ejus
358 528 448 552 sapientes
454 527 508 546 effice
514 534 547 552 per
555 528 632 556 gratiam

85 555 142 574 tuam,
151 555 169 570 et
174 552 292 570 Sacerdotes
287 558 305 570 m
312 552 370 576 gloria
377 552 495 581 perfeetionis
503 552 632 581 mysteriorum

85 580 161 596 tuorum
174 579 286 598 sanctorum,
299 579 318 595 et
331 577 423 595 Diaconos
436 577 530 595 ministerii
542 577 569 595 tui
581 577 632 601 spiri—

84 602 144 623 tualis,
157 602 176 620 in
190 602 275 625 puritate,
289 604 308 619 et
322 602 424 623 sanetimte,
440 604 459 620 et
474 602 562 626 populum
579 604 632 620 tuum

84 626 159 645 fidelem
164 629 183 644 et
188 629 278 647 sanctum,
284 626 330 644 tales
339 626 411 648 exhibe,
420 628 441 644 ut
446 629 564 650 perseverent
568 632 632 645 secure

85 652 104 669 in
112 657 186 669 morum
195 651 341 669 Christianorum
350 651 483 673 observatione,
491 653 512 669 ut
520 651 568 670 festo
581 651 633 675 spiri-

85 676 130 694 tuali
139 676 229 697 exultent,
238 678 256 694 et
265 675 345 694 referant
353 676 386 694 tibi
394 676 476 700 gloriam,

109 701 203 719 sicnnuos
220 706 333 719 mcunnus.
359 701 384 718 Et
398 700 482 719 sacrificii
497 700 552 725 hujus
571 701 632 722 divini,

84 731 146 744 coram
156 728 174 744 te
182 725 276 749 propositi,
285 727 384 747 memento,
391 725 470 743 Domine
478 732 483 743 ε
496 725 591 744 sanctifica
598 731 633 749 per

85 750 200 769 clementiam
213 752 270 771 tuam,
283 752 302 768 et
314 750 381 774 perfice
394 756 428 768 nos
441 750 489 768 illius
501 750 591 768 beneficio
609 750 633 768 ad

84 774 196 799 implendam
211 774 325 793 voluntatem
340 777 391 792 tuam
405 774 480 796 bonam,
495 777 514 792 et
528 774 632 793 vivificam:

84 800 125 818 illos
130 805 174 818 vero
179 799 211 823 qui
217 799 246 817 his
251 799 372 817 oblaflonibus
380 799 548 820 communicabunt,
553 799 632 823 ignosce,
655 803 658 806 '

84 827 103 842 et
112 824 162 842 salva
170 830 202 842 eos
211 823 234 841 ab
243 824 328 841 omnibus
336 823 388 841 malis
411 830 430 842 er
437 824 532 842 caritatem
541 826 597 842 tuam.

110 849 194 867 Emvsns
217 854 283 867 vocem.
310 848 334 866 Et
351 848 385 866 sim
427 854 470 871 cum
488 848 528 870 illis,
546 849 632 870 Domine,

81 876 177 891 memento
186 873 267 891 omnium
277 873 308 896 qui
313 873 399 891 invocant
405 879 473 891 nomen
479 875 531 891 tuum
541 875 631 891 sanctum.

85 899 144 922 Prope
156 898 249 916 adstantes
269 897 350 919 benedic,
370 897 455 916 absentes
472 898 535 919 reduc,
550 898 632 916 infirmos

84 924 142 944 visita,
152 922 220 941 debiles
229 921 324 943 confirma,
333 922 437 940 valetudine
444 922 520 941 adversa
527 923 632 941 laborantes

84 948 157 969 robora,
170 949 189 965 et
202 953 234 965 eos
247 947 278 971 qui
291 953 303 964 a
315 947 430 970 daemonibus
447 949 548 969 tentantur,
564 947 633 966 libera:

85 973 155 991 vinctos
164 972 217 993 educ,
225 977 322 1000 oppressos
326 972 398 997 adjuva,
408 975 506 996 pereuntes
515 972 539 990 ad
547 972 631 990 timorem

84 999 137 1015 tuum
146 1003 198 1018 voca,
208 999 227 1014 et
240 996 263 1014 ad
276 996 303 1014 tui
312 996 441 1020 cognitionem,
451 999 469 1015 et
478 997 575 1018 omnibus'
566 997 591 1015 lis
600 997 632 1021 qui
