806 1298
134 110 169 122 xn.
192 105 277 122 Mummi
289 110 310 121 n}
322 110 355 121 mr.
367 110 400 121 nn.
412 110 432 121 rr
442 110 489 121 nuz.
501 110 553 121 nos-t.
594 106 627 121 49⁹

75 147 157 166 victoriae
172 148 298 172 apostolorum
314 154 372 172 usque
386 148 404 166 in
420 148 529 166 hodiernum
547 148 600 166 diem.

99 173 153 191 Tunc
165 173 188 191 ad
200 173 281 192 sonitum
290 173 330 197 ejus
339 172 433 197 quomodo
445 173 521 197 crepuit,
532 173 600 191 levavit

74 197 142 216 Paulus
149 200 211 222 caput,
217 200 236 216 et
244 197 296 219 dixit,
301 200 313 207 ‘¹
319 198 391 216 Gratias
398 198 430 216 tibi
437 198 514 222 agimus,
521 198 599 216 Domine

75 223 86 241 J
88 229 121 241 esu
130 223 209 244 Christe,
214 223 246 247 qui
253 229 287 241 nos
294 222 390 244 exaudisti,
396 225 415 241 et
423 223 515 241 Simonem
524 229 599 247 mogum

75 248 166 269 detexisti,
180 250 199 266 et
212 254 246 266 nos
259 248 278 265 in
292 247 368 266 veritate
382 250 424 266 tuos
437 247 536 272 discipulos
550 251 612 266 com-¹

88 272 171 291 rubestix·
197 272 250 291 Time
268 272 319 291 Nero
336 273 363 291 ira.
378 279 395 291 m
433 279 444 291 a
460 273 526 297 plenus
542 273 600 291 tenen*

84 298 120 316 ecit
129 297 204 316 Petrum
213 300 232 315 et
241 297 319 315 Paulum
328 297 346 315 in
355 278 444 318 vinciiffi;
458 303 525 322 corpus
538 301 599 316 autem

75 322 154 341 Simonis
168 322 223 346 jussit
240 322 336 346 diligenter
353 322 411 340 tribus
427 322 490 340 diebus
505 325 525 340 et
542 322 600 341 tribus

75 347 160 366 noctibus
169 347 267 368 custodire,
274 349 340 371 putans
349 353 391 365 eum
401 353 496 371 resurgere
504 347 559 365 tertia
565 347 599 365 die.

75 372 111 391 Cui
124 372 189 390 Petrus
201 371 254 393 dixit,
263 374 275 382 “
281 372 342 393 Erras,
352 372 458 396 imperator,
469 372 498 390 hic
509 372 548 396 jam
561 378 598 390 non
607 375 618 383 ¹·

75 399 165 421 resurget,
176 397 263 420 quoniam
276 402 318 415 vere
330 400 414 415 mortuus
425 399 459 418 est,
470 399 489 415 et
499 397 518 415 in
530 400 600 415 aeterna

75 427 132 446 poena
144 422 256 440 damnatus?
282 421 316 440 Cui
330 421 380 440 Nero
393 421 493 446 respondit,
504 424 515 432 “
522 422 568 442 Quis
582 425 599 440 te

75 447 157 471 permisit
165 446 201 464 tale
210 446 270 464 scelus
279 449 384 470 perpetrare
390 447 398 464 ‘.'
405 448 413 454 '¹
427 447 492 465 Petrus
499 447 600 471 respondit,

75 471 194 490 “Contentio
207 471 257 495 ejus3
278 473 297 489 et
310 471 324 489 si
338 471 435 495 intelligas,
449 471 527 489 multum
543 475 570 489 est
584 472 600 489 ei

75 497 178 521 praestitum
188 498 208 514 ut
216 496 290 520 periret,
295 502 318 514 ne
328 499 388 514 tantas
398 496 438 514 Deo
447 496 470 514 ad
478 496 601 520 multiplicati·
608 499 619 507 ¹¹

77 528 131 540 onem
148 521 231 545 supplicii
248 521 276 539 sui
290 520 367 539 inferret
381 521 518 545 blasphemias.”
550 521 600 539 Nero

76 546 128 568 dixit,
140 548 152 556 “
159 546 248 570 Suspecto
260 546 321 564 animo
333 552 363 564 me
374 545 449 567 fecistis,
461 545 540 570 ideoque
551 546 601 564 malo

75 571 161 595 exemplo
178 577 209 589 vos
224 571 314 595 perdam.¹¹
340 571 406 589 Petrus
422 571 522 595 respondit,
537 571 600 589 “Non

76 596 126 620 quod
135 598 157 614 tu
164 596 197 617 vis,
206 595 238 614 sed
247 595 297 619 quod
307 596 416 619 promissum
428 599 456 613 est
466 596 516 614 nobis
526 602 600 614 necesse

76 624 104 640 est
112 620 250 639 consummari?
275 620 328 638 Tunc
337 620 363 638 ira
371 620 452 644 repletus
462 620 512 639 Nero
521 621 567 639 dixit
576 621 598 639 ad
607 624 618 631 ¹¹

77 645 185 671 praefectum
194 651 247 663 suum
257 645 363 669 Agrippam,
372 648 384 655 “
392 645 440 664 Istos
449 645 533 664 homines
544 646 601 664 irreli-

75 672 136 696 giosos
143 676 217 689 necesse
224 673 251 688 est
258 670 305 688 male
312 670 395 694 perdere,
401 673 420 688 et
425 670 466 688 ideo
472 670 530 688 cardis
536 670 599 689 ferreis

76 696 163 720 acceptis,
169 695 214 719 jube
225 701 256 713 eos
267 695 286 713 in
298 695 408 713 naumachia
419 695 513 716 consumi;
527 698 600 720 oportet

76 721 125 739 enim
141 726 204 738 omnes
218 720 344 744 hujuscemodi
358 720 441 738 homines
455 720 502 738 male
515 726 601 739 consum-

75 746 137 764 maris’
168 745 249 769 Agrippa
266 744 365 769 praefectus
385 745 437 766 dixit,
456 745 619 764 “Sacratissimev

77 771 182 795 imperator,
200 776 237 788 non
257 770 366 794 congruenti
387 769 473 794 exemplo
492 770 547 793 jubes
568 776 601 788 eos

78 795 154 820 puniri.‘’
180 795 231 813 Nero
245 794 297 816 dixit,
311 797 322 804 “
331 795 393 814 Quare
409 800 447 812 non
463 795 602 819 congruentiff”

76 820 158 845 Agrippa
166 819 218 841 dixit,
223 822 234 829 ‘¹
240 819 332 839 Quoniam
342 819 410 837 Paulus
418 819 507 837 innocens
516 819 599 838 videtur:

77 846 143 864 Petrus
150 847 218 866 autem,
227 844 271 868 quia
278 844 370 862 homicidii
378 850 421 862 reus
430 846 463 866 est,
472 850 528 868 poena
538 850 601 863 amara

75 870 169 895 patiatur?
195 869 245 887 Nero
259 869 311 890 dixit,
323 869 390 893 “Ergo
403 875 441 893 quo
454 869 540 893 exemplo
553 870 599 893 peri·
607 873 618 881 ¹·

76 895 151 914 buntF’
169 894 250 918 Agrippa
263 894 315 915 dixit,
328 896 340 904 ‘⁶
346 894 371 912 Ut
384 894 428 912 mihi
441 894 519 916 videtur,
529 894 600 918 justum

77 923 106 939 est
114 919 172 938 Paulo
181 919 281 943 irreligioso
293 921 349 943 caput
359 919 460 943 amputari;
474 919 529 937 Petro
538 922 600 938 autem

77 951 100 964 eo
115 944 167 969 quod
181 945 255 968 insuper
270 944 387 962 homicidium
405 944 543 968 perpetraverit,
556 944 601 968 jube

77 976 120 988 eum
131 970 150 987 in
162 975 217 987 cruce
229 968 299 987 levaris
326 969 376 987 Nero
388 969 440 990 dixit,
451 969 542 993 “Optime
553 969 601 993 judi-

77 995 148 1016 caism’*
160 997 180 1012 et
188 993 286 1012 confestim
295 993 369 1012 deducti
378 997 421 1012 sunt
430 994 495 1012 Petrus
505 996 523 1012 et
533 994 600 1012 Paulus
608 997 619 1005 ¹·
