806 1298
192 105 229 124 530
268 106 332 124 Connx
345 106 466 124 Arocnvfflus
479 106 527 124 Now
541 106 667 124 Tem-Amnum.

193 151 246 170 infen‘
251 157 290 170 non
295 152 422 176 praevalebunt
427 152 514 170 adversus
519 158 567 173 eam,
570 158 629 175 quum
633 152 745 170 liberaturus

194 177 217 194 sis
223 176 274 194 illam
280 177 303 195 ab
311 177 395 195 omnibus
401 176 501 195 haeresibus
507 179 526 194 et
531 176 621 195 scandalis
627 177 744 201 operantium

193 201 304 225 iniquitates,
317 207 375 225 usque
389 201 413 220 ad
426 201 603 220 consummationem
617 201 691 219 saeculi:
710 207 744 225 per

193 226 276 250 gratiam,
294 226 436 244 misericordiam
456 228 475 244 et
494 232 577 244 amorem
597 232 640 250 erga
658 226 743 244 homines

192 251 281 275 unigeniti
295 251 334 269 Filii
349 251 382 273 tui,
396 257 429 275 per
444 256 499 275 quem
515 253 533 268 et
548 256 590 269 cum
605 257 642 275 quo
655 252 674 269 te
689 250 744 269 decet

192 275 251 299 gloria
259 278 278 294 et
287 275 351 294 honor.

217 300 304 318 Porinos.
329 301 395 319 Amen.

216 325 310 344 SAcmmos
324 331 436 344 mcum-nm.
462 326 581 350 Quapropter
595 325 690 344 offerimus
703 326 743 347 fibi,

192 350 277 371 Domine,
290 350 400 368 sacrificium
415 350 451 369 hoc
464 351 580 369 tremendum
593 353 612 369 et
625 351 742 369 incruentum

190 380 224 399 pro
232 374 278 393 locis
287 375 323 393 tuis
332 375 399 393 sanctis
408 381 450 399 quae
459 382 492 400 per
499 375 665 394 manifestationem
674 375 742 394 Christi

191 399 229 417 Filii
242 399 270 417 tui
283 399 389 421 illustrasth
405 400 497 424 praecipue
510 406 554 418 vero
568 406 601 425 pro
615 400 658 418 Sion
672 403 743 422 sancta,

190 427 248 442 matre
269 424 352 443 omniurn
372 425 503 447 Ecclesiarum,
521 427 540 443 et
557 431 591 449 pro
609 425 692 443 Ecclesia
709 427 742 443 tua

190 451 255 467 sancta.
263 451 304 467 toto
313 449 357 468 orbe
365 449 437 468 diffusa.

216 474 314 492 Dmconus.
340 474 426 496 Benedic,
443 475 526 493 Domine.
553 475 630 493 Oremus
644 477 663 493 et
678 475 742 499 depre-

190 505 254 517 cemur
266 499 365 517 Dominum
380 499 440 517 Deum
453 502 543 521 nostrum,
555 500 590 518 hoc
603 500 691 524 temporis
702 506 742 518 rno-

190 526 260 545 mento,
275 529 349 547 magno,
363 524 445 542 timendo
459 526 478 542 et
493 527 564 546 sancto,
578 530 612 548 pro
626 524 708 548 patribus
722 527 741 543 et

190 548 291 566 rectoribus
308 548 381 570 nostris,
398 548 430 572 qui
445 549 500 567 hodie
518 549 571 567 nobis
585 552 674 573 praesunt,
688 552 707 567 et
721 550 740 568 in

189 573 277 597 praesenti
286 573 328 591 vitae
338 573 430 591 Ecclesias
439 576 511 592 sanctas
519 574 553 592 Dei
562 576 639 598 pascunt
648 576 667 592 et
676 574 742 598 guber-

189 600 246 615 nant.-
265 598 372 616 venerandis
387 600 405 616 et
422 598 480 617 beatis
498 599 578 617 Domino
596 599 619 617 N.
635 599 741 617 patriarcha

189 625 253 640 nostro
265 625 284 641 et
293 623 316 641 D.
325 622 349 641 N.
359 623 485 647 Metropolita,
493 623 604 648 reliquisque
617 624 741 648 Metropolitis

190 650 208 665 et
217 647 429 671 Episcopisvenerandis
438 648 538 666 Dominum
547 648 672 673 deprecemur.

215 672 314 690 SAcnnos.
341 672 395 690 Dona
404 673 491 691 ditissima
500 673 576 697 Spiritus
588 673 614 691 tui
626 674 685 692 sancti
695 680 741 692 con-

189 696 235 715 cede
248 697 297 721 ipsis,
311 697 394 715 Domine.
421 697 523 719 Memento,
537 698 621 719 Domine,
633 701 740 717 sanctorum

191 722 323 746 Episcoporum
344 724 455 743 nostrorum,
472 722 504 746 qui
520 722 573 740 nobis
593 725 643 741 recte
662 723 739 742 verbum

189 746 270 764 veritatis
282 746 393 770 dispensant,
402 747 494 771 praecipue
506 753 550 765 vero
563 747 621 767 Patris
633 748 708 767 Patrum
720 751 740 766 et

190 771 301 789 Patriarchae
313 772 370 790 nostri
383 772 457 790 Domini
471 772 494 790 N.
504 774 522 790 et
535 772 608 790 Domini
619 772 643 790 N.
653 773 739 801 Episcopi

189 796 247 814 nostri
262 802 305 814 cum
320 796 394 820 reliquis
410 797 493 815 omnibus
508 797 604 821 Episcopis
620 797 738 816 Orthodoxxs.

190 821 280 838 Canitiem
288 821 331 845 ipsis
343 821 466 839 venerandam
478 821 559 840 concede
568 822 659 840 Domine:
677 822 739 841 multis

189 845 241 863 annis
253 845 303 869 ipsos
315 851 408 867 conserva,
420 849 515 870 pascentes
527 846 617 870 populum
630 849 683 865 tuum
695 853 738 866 cum

188 870 238 888 omni
249 870 317 894 pietate
326 872 345 888 et
354 871 455 889 sanctitate.
481 871 584 893 Memento,
593 872 678 893 Domine,
687 872 738 890 Pres-

189 895 253 919 byterii
267 895 349 919 hujusce,
363 898 382 913 et
395 895 528 919 cujuscumque
542 896 616 914 alterius
629 896 678 915 loci:
696 897 738 915 Dia-

189 922 266 937 conatus
283 920 302 938 in
321 919 400 941 Christo,
418 920 512 944 omnisque
532 921 626 940 ministerii
643 924 662 939 et
679 922 738 940 omnis

189 944 261 962 Ordinis
287 944 414 963 Ecclesiastjci.
449 945 545 963 Memento
570 946 631 967 etiam,
653 946 738 968 Domine,

187 969 299 993 paupertatis
308 976 360 991 meae,
367 970 397 994 qui
404 976 434 988 me
440 969 484 988 licet
492 970 593 995 indignum,
600 977 665 989 vocare
674 974 737 990 tamen

187 994 272 1018 dignatus
289 1000 313 1012 es.
329 994 400 1013 Delicta
413 994 515 1019 juventutis
530 1002 577 1014 meae
592 998 610 1014 et
626 996 737 1020 ignorantias
