806 1298
252 104 289 115 xxi.
301 100 385 116 Eris’romz
395 100 452 116 ΡΑυιι,
596 100 626 116 bll

79 233 132 251 XXI.
146 233 164 252 S.
176 228 252 252 PAULI
266 234 389 252 EPISTOLA
401 234 435 252 AD
448 233 629 252 LAODICENSES.

80 287 83 294 ¹
91 284 159 302 Paulus
168 284 257 308 apossolus
265 291 299 303 non
308 284 330 302 ab
337 284 433 303 hnminibm
441 291 495 309 neque
501 290 536 309 per
544 284 629 303 hominem

78 313 110 331 ml
114 319 149 337 per
156 313 216 331 «seeum
227 313 321 335 cmv-istum,
325 313 415 337 fratr-ihm
424 314 453 338 qui
462 314 503 332 esti-1
511 314 610 332 Laodiceoe.

105 359 180 378 ¹Gratia
197 360 247 378 vobis
265 363 284 378 et
300 365 336 384 pax
354 366 365 377 a
385 360 426 378 Deo
443 360 497 378 Patre
514 362 533 378 et
550 360 629 378 Domino

79 386 141 402 nostro
155 384 200 402 Jesu
212 384 291 403 Christo.
316 384 400 403 'Gratias
413 391 448 409 ago
460 385 533 403 Christo
546 391 580 409 per
591 391 629 403 om-

78 415 121 427 nem
138 409 239 427 orationem
255 415 322 431 meam,
339 409 389 433 quod
405 412 534 433 permanentes
551 410 594 428 estis
610 412 629 428 et

77 437 215 458 perseverantes
227 434 245 452 in
257 434 342 458 operibus
354 434 412 456 bonis,
422 434 561 458 promissionem
573 440 629 458 expe-

78 461 150 477 ctantes
161 459 179 477 in
192 459 221 477 die
229 459 299 483 judicii.
325 459 403 483 'Neque
415 459 517 477 dismrbent
529 465 562 477 vos
573 465 629 483 quor-

77 483 147 501 undam
159 483 263 507 vaniloquia
276 483 420 502 insimulantium
433 484 535 505 veritatem,
543 486 565 502 ut
577 490 629 502 aver-

78 510 119 526 tant
128 514 140 526 a
148 508 224 526 veritate
234 508 329 532 Evangelii
338 508 388 532 quod
395 514 407 526 a
413 514 442 526 me
449 508 565 532 praedicatur.
591 511 596 519 ¹
604 509 629 527 Et

78 539 128 551 nunc
141 532 196 551 faciet
210 533 260 551 Deus
273 536 294 551 ut
307 533 338 557 qui
350 535 393 551 sunt
406 538 429 550 ex
442 539 472 551 me
484 533 592 557 perveniant
604 533 628 551 ad

77 557 182 582 profectum
199 558 279 576 veritatis
297 557 397 582 Evangelii,
415 557 451 575 sint
468 557 590 576 deservientes
609 560 628 576 et

77 582 208 606 benignitatem
221 588 297 606 operum
305 582 393 600 facientes
405 588 448 606 quae
458 584 501 600 sunt
512 582 575 600 salutis
584 583 627 601 vitm

78 609 158 625 aeternae.
189 607 226 625 ·Et
240 613 290 625 nunc
305 607 365 631 palam
383 609 426 625 sunt
441 607 514 625 vincula
528 613 570 625 mea
585 613 627 631 quae

76 632 137 656 patior
148 632 166 650 in
178 632 258 653 Christo,
266 632 284 649 in
298 632 363 656 quibus
374 631 429 649 laetor
440 634 459 650 et
470 631 548 656 gaudeo.
574 632 626 651 ⁷Scio

77 657 125 675 enim
135 656 185 680 quod
195 657 230 675 hoe
239 657 283 675 mihi
292 659 320 675 est
328 656 351 674 ad
364 656 441 675 salutem
452 659 566 681 perpetuam,
576 657 626 681 quod

76 682 135 705 ipsum
144 681 214 699 factum
223 684 250 699 est
259 687 283 699 ex
292 681 405 699 orationibus
414 682 477 699 vestris
488 681 626 700 administrante

75 706 144 730 Spiritu
158 706 232 724 Sancto.
265 706 318 724 'Sive
329 712 362 730 per
375 706 432 724 vitam
445 706 482 724 sive
495 712 528 730 per
540 709 626 728 mortem,

76 733 103 749 est
120 731 165 749 mihi
180 731 240 749 vivere
256 731 294 749 vita
307 731 326 749 in
343 731 423 752 Christo,
436 733 455 749 et
470 731 517 749 mori
533 731 625 755 gaudium.

76 758 81 766 '
87 756 112 774 Et
120 756 159 780 ipse
169 756 258 774 Dominus
267 758 330 774 noster
338 756 357 773 in
363 756 415 773 vobis
421 755 476 773 faciet
482 755 625 774 misexicordiam

75 786 133 802 suam,
139 783 160 798 ut
165 781 242 799 eandem
248 780 365 798 dilectionem
370 780 452 798 habeatis
457 782 476 798 et
481 780 519 798 sitis
524 781 625 799 {manimes

75 808 86 815 ¹¹
93 805 149 829 Ergo,
156 805 273 826 dilectissimi,
280 807 301 823 ut
308 804 383 823 audistis
389 805 505 829 praesentimn
513 805 592 826 Domini,
599 806 625 823 ita

73 830 146 851 sentite,
152 832 171 848 et
179 830 234 848 facite
241 830 259 848 in
266 830 332 848 timore
342 829 422 851 Domini,
429 832 448 847 et
456 829 490 847 erit
498 830 550 848 vobis
560 830 596 848 vita
605 830 623 848 in

73 856 169 873 aeternum.
183 857 194 865 “·
201 855 235 873 Est
240 855 289 873 enim
297 854 347 872 Deus
354 855 385 878 qui
392 857 479 878 operatur
485 854 503 873 in
510 855 567 873 vobis.
581 858 593 865 ¹¹
599 855 624 874 Et

72 879 128 897 facite
134 880 172 898 sine
179 882 256 904 peccato
264 879 389 903 quodcunque
394 879 458 897 facitis.
472 882 484 889 ¹¹
490 880 515 897 Et
520 880 571 903 quod
578 880 624 904 opti-

73 910 124 922 mum
131 906 165 925 est,
170 904 287 926 dilectissimi,
292 904 371 928 gaudete
378 904 396 922 in
404 904 484 922 Domino
492 904 502 922 J
504 910 536 922 esu
544 904 623 926 Christo,

72 931 92 947 et
98 932 162 947 cavete
172 935 236 947 omnes
245 929 309 947 sordes
315 929 333 947 in
343 929 392 947 omni
401 929 459 947 lucro.
486 931 496 939 ¹¹
503 929 572 947 Omnes
591 930 624 948 eti-

71 953 131 972 tiones
141 956 206 972 vestrae
216 956 259 972 sunt
270 953 331 977 palam
343 953 392 977 apud
401 953 468 974 Deum,
477 956 496 971 et
504 956 564 972 estote
582 954 622 972 irmi

71 979 90 997 in
100 984 154 996 sensu
164 978 237 997 Christi.
264 981 276 988 ¹·
282 978 307 996 Et
316 984 358 1002 quae
367 978 445 1002 integra,
454 980 473 996 et
482 984 524 996 vera
531 981 550 996 et
556 979 623 1003 pudica
