806 1298
232 124 279 135 ιινιιιΔ
291 119 373 135 Emsmms
385 118 441 135 Pium.
583 118 613 134 505

166 162 183 180 5.
196 161 255 180 Paulo
263 161 341 180 Annoeru
350 161 417 179 Seneca
426 161 510 179 Salutem.

90 190 151 209 Nimio
161 193 194 208 tuo
206 191 290 214 angimur
301 196 379 208 secessu.
406 190 442 210 Qui
454 192 488 211 est,
497 190 525 208 vel
534 196 576 214 quae
586 196 614 208 res

65 218 83 234 te
93 218 206 234 remoratum
217 215 302 234 faciunt?
315 215 330 233 si
341 215 442 239 indignatio
455 215 535 237 Domini,
545 215 596 239 quod
604 221 615 233 a

63 240 100 259 ritu
109 243 127 259 et
138 242 188 259 secta
199 240 255 258 veteri
267 240 369 262 recesseris,
378 243 397 258 et
408 240 453 258 alios
464 246 527 258 rursus
539 245 615 258 conver-

64 265 118 283 teris:
135 265 169 283 erit
181 265 287 289 postulandi
300 265 358 286 locus,
370 267 391 283 ut
404 265 474 283 ratione
487 264 564 286 factum,
576 270 614 282 non

65 290 139 308 levitate
149 290 185 308 hoc
194 290 291 308 existimet.
317 289 366 307 Vale.

152 323 169 341 6.
183 322 251 341 Paulus
260 322 332 341 Senecoe
340 325 358 340 et
366 322 436 341 Lucilio
445 322 529 341 Salutem.

91 352 118 370 De
131 351 165 373 his,
177 352 243 375 quibus
257 351 286 369 vel
299 357 342 375 quae
354 351 399 369 mihi
411 351 512 375 scripsistis,
524 357 561 369 non
573 351 616 369 licet

65 376 167 394 harundine
183 379 201 394 et
216 378 320 394 atramento
338 376 407 400 eloqui,
422 382 500 400 quarum
515 376 573 394 altera
587 382 616 394 res

65 404 124 422 notat,
136 403 155 419 et
166 401 249 425 designat
261 401 335 425 aliquid,
347 401 405 419 altera
416 401 510 419 evidenter
521 401 614 419 ostendit:

65 426 164 450 praecipue,
174 432 232 454 quum
240 426 297 444 sciam
308 426 355 444 inter
364 431 397 444 vos
406 431 451 447 esse,
460 426 508 444 sicut
516 426 566 450 apud
575 431 616 447 uos,

64 451 110 469 etin
119 451 178 472 nobis,
188 451 219 475 qui
228 456 257 468 me
268 450 378 474 intelligunt.
405 450 472 468 Honor
483 450 579 469 habendus
588 453 616 469 est

65 475 151 493 omnibus
158 478 177 493 et
183 477 236 493 tanto
242 475 301 499 magis
307 475 341 496 his,
347 475 378 499 qui
385 475 492 499 indignandi
500 475 616 493 occasionem

65 502 152 524 captant
148 514 152 518 .
166 500 232 524 quibus
239 500 253 518 si
260 500 366 524 patientiam
373 500 497 521 ostendemus,
503 500 553 518 omni
560 500 615 518 modo

64 531 97 543 eos
108 531 132 543 ex
144 530 254 549 quacunque
264 527 318 553 parte
330 524 430 546 vincemus,
442 525 456 542 si
467 525 524 543 modo
535 525 555 543 hi
567 528 615 546 sunt,

64 550 96 573 qui
105 549 233 573 paenitentiam
242 555 270 567 sui
278 551 348 573 gerant.
374 549 425 567 Bene
433 549 497 567 valete.

167 582 183 602 7.
197 582 256 601 Paulo
264 583 342 601 Annoeus
351 582 419 601 Seneca
428 582 512 600 Salutem.

90 611 187 633 Profiteor,
196 611 243 629 bene
253 617 282 629 me
291 614 388 635 acceptum
397 611 415 629 in
424 611 504 629 lectione
513 611 616 629 litterarum

65 639 146 657 tuarum,
160 642 206 660 quas
221 636 297 658 Galatis,
313 636 412 654 Corinthiis
426 638 445 654 et
459 636 532 655 Achaeis
547 636 616 655 misisti.

64 661 142 685 Spiritus
149 661 197 679 enim
204 661 282 679 Sanctus
289 661 308 679 in
314 663 339 682 te,
346 663 365 679 et
372 667 427 685 supra
433 663 452 679 te
458 661 541 679 excelsos
548 664 567 679 et
573 662 616 680 sub-

65 686 145 704 limiores
151 686 240 710 valdeque
245 685 357 704 venerabiles
363 692 426 704 sensus
433 686 523 710 exprimit.
546 686 616 704 Vellem

64 711 127 734 itaque
137 716 195 735 quum
204 716 232 728 res
242 710 317 728 eximias
327 710 416 735 proferas,
425 713 446 728 ut
454 710 544 734 majestati
553 717 616 729 earum

65 735 127 753 cultus
132 735 221 753 sermonis
228 741 266 753 non
273 735 324 753 desit.
352 735 377 753 Et
383 741 406 753 ne
414 735 458 759 quid
464 735 502 756 tibi.
507 736 570 757 frater,
577 742 616 754 sus-

65 760 130 784 ripinm
137 763 170 778 aut
175 760 292 778 conscientiae
298 766 344 778 meae
350 760 436 781 debeam
448 759 539 778 confiteor
545 761 616 785 Augus-

64 787 105 803 tum
109 785 191 803 sensibus
195 785 231 803 tuis
234 787 347 809 permotum:
354 784 389 806 eui,
393 784 442 803 lecto
446 784 539 803 literarum
543 787 615 803 tuarum

65 810 149 831 exordio,
157 809 198 828 haec
207 815 243 827 vox
252 809 298 827 fuit:
313 809 376 827 Mirari
385 815 427 827 eum
436 815 496 833 posse,
503 812 529 831 ut,
537 810 568 834 qui
577 816 615 828 non

65 834 146 858 legitime
153 834 232 852 imbutus
239 834 268 855 sit,
275 834 336 852 taliter
342 834 414 852 sentiat.
441 834 475 852 Cui
482 840 517 858 ego
523 835 617 863 respondi,

65 859 125 877 solere
137 859 181 877 deos
193 865 225 877 ore
236 859 363 877 innocentium
374 858 433 880 effari,
445 859 514 877 addens
526 859 543 877 ei
554 866 616 878 exem-

65 884 117 908 plum
129 884 198 902 Varinii
210 884 289 902 hominis
302 883 396 905 rusticuli;
417 884 446 902 cui
460 890 517 908 quum
531 884 568 902 duo
583 885 615 903 viri

65 909 193 933 apparuissent
205 908 223 926 in
237 914 281 932 agro
295 908 380 929 Reatino,
392 908 424 932 qui
437 909 504 927 Castor
517 911 536 927 et
549 909 615 928 Pollux

65 936 109 952 sunt
117 933 212 954 nominati,
221 933 307 951 divinitus
315 933 416 951 instructus
424 933 465 951 fuit.
491 934 541 952 Vale.

207 967 224 985 8.
237 966 306 984 Paulus
315 966 386 984 Senecae
395 966 480 984 Salutem.

91 995 143 1013 Licet
159 1001 197 1013 non
215 995 306 1019 ignorem,
324 995 416 1035 (iffsarem
434 998 539 1014 nostramm
557 1002 618 1015 rerum
