806 1298
163 98 195 115 4⁷2
264 97 319 114 Gonu
330 98 437 114 Διοππιπε
448 96 491 113 Novi
502 97 607 113 rmum-n

188 140 278 163 mirifices,
286 143 306 159 et
313 140 429 165 gemmarios,
438 143 460 159 et
466 140 510 159 dnm
517 140 636 165 probaveritis
645 146 709 159 verum

187 172 252 184 aurum
265 168 285 184 et
297 172 349 184 veras
359 171 447 190 gemmas,
455 165 541 184 nunciate
554 165 613 184 mihi?
637 166 709 184 Euntas

187 193 249 209 autem
257 191 312 209 ambo
321 193 363 215 post
369 193 439 215 septem
449 191 488 209 dies
492 191 559 209 reversi
569 192 613 209 sunt
620 190 644 209 ad
650 191 710 215 Apos-

188 216 246 235 tolum
255 215 343 238 dicentes,
357 218 369 226 ‘¹
375 216 460 238 Domine,
468 222 533 235 omnes
541 215 624 234 officinas
632 216 709 234 circum-

175 244 181 252 ⁸
187 241 259 263 ivimus,
273 243 293 259 et
307 247 371 260 omnes
384 241 486 260 dixerunt]
512 241 566 259 Tunc
582 241 626 259 dicit
645 241 671 259 eis
690 241 709 259 S.

187 266 275 288 Joanues,
300 268 312 276 “
321 266 349 284 Ite
370 268 389 284 et
410 266 493 284 redimite
513 266 565 284 vobis
585 268 642 284 terras
663 272 709 290 quas

187 291 299 313 vendidistis,
304 291 358 310 emite
364 291 415 309 vobis
420 291 486 310 sericas
491 293 557 313 vestes,
561 293 582 309 ut
587 297 622 316 pro
626 294 709 315 tempore

186 315 272 341 fulgeatis
278 318 300 335 ut
306 322 354 338 rosa,
360 316 386 335 sic
393 316 438 335 dum
444 316 480 335 flos
485 316 530 340 ejus,
538 318 557 335 et
562 316 637 335 odorem
642 316 709 341 paruit,

187 344 205 360 et
213 341 299 360 ruborem
308 341 394 363 ostendit,
400 344 476 366 repente
482 341 583 360 marcescit.
603 341 709 366 Suspirsstis

168 369 180 377 ¹·
187 366 258 385 enimin
266 369 367 385 vestrorum
373 372 467 385 servorum
475 368 557 391 aspectu,
563 368 582 385 et
591 372 623 385 vos
631 366 709 385 effectos

186 397 275 416 pauperes
283 391 381 416 gemuistis.
407 392 471 410 Estote
480 391 544 410 divites
553 391 682 416 temporaliter,
688 394 710 409 ut

185 417 204 435 in
224 419 333 441 perpetuum
352 416 464 435 mendicetis.
491 416 580 441 Nunquid
600 422 638 435 non
659 416 708 435 valet

185 447 251 460 manus
265 442 345 464 Domini,
353 444 374 460 ut
382 441 438 460 faciat
447 448 508 460 servos
521 448 564 460 suos
577 441 643 460 divitiis
655 441 710 460 afflu-

186 469 238 485 entes
242 466 413 491 iucomparsbiliter,
418 469 437 485 et
442 466 559 492 splendentes
564 467 571 485 2
578 467 611 485 sed
615 469 709 485 certamen

168 494 179 502 ¹¹
187 492 251 510 statuit
262 492 371 514 animarum,
379 494 401 510 ut
410 492 485 510 credant
493 498 513 510 se
525 494 603 510 aeternas
615 492 710 510 habituros

187 516 264 539 divitias,
283 517 315 541 qui
335 523 369 541 pro
384 516 425 541 ejus
439 517 513 535 nomine
532 517 643 541 temporales
664 522 709 541 opes

185 541 252 560 habere
261 542 377 560 noluerunt?

210 566 258 585 Deni
272 572 295 585 ue
304 567 384 585 narravit
397 566 450 585 nobis
462 566 549 591 magister
560 569 623 586 noster
631 566 654 585 de
663 573 709 591 quo-

186 591 229 610 dam
237 591 299 613 div-ite,
307 591 339 616 qui
350 591 459 616 epulabatur
472 592 560 616 quotidie,
568 594 588 610 et
595 592 678 616 fulgebat
689 592 708 610 in

167 619 180 628 ¹·
187 623 239 639 auro,
246 619 265 635 et
273 623 359 641 purpura,
368 617 391 635 ad
405 616 457 641 cujus
469 617 518 635 fores
528 617 602 641 jacebat
615 617 710 636 mendicus

187 642 273 664 Lazarus,
286 642 318 666 qui
334 642 420 667 cupiebat
438 642 467 660 vel
480 642 543 664 micas,
555 648 598 667 quae
610 642 634 661 de
646 648 711 661 mensa

186 667 277 686 cadebant
297 667 335 686 acci
348 673 385 689 ere,
399 669 419 686 et
436 673 491 686 nemo
511 667 537 686 mi
554 668 615 686 dabat
628 668 711 692 Contigit

186 694 248 711 autem
256 694 278 711 ut
286 698 325 710 uno
346 692 362 711 'e
370 692 424 711 ambo
434 692 540 714 deficerent,
548 695 568 711 et
575 693 606 711 ille
614 692 709 711 mendicus

186 717 284 736 duceretur
292 717 311 736 iu
320 717 409 741 requiem,
418 723 460 741 quae
468 719 496 735 est
504 717 523 735 in
532 717 573 736 sinu
584 717 670 739 Abrahae,
678 718 709 736 ille

167 745 180 753 ’⁸
187 744 249 761 autem
262 742 312 761 dives
324 742 428 761 mitteretur
440 742 459 760 in
465 742 560 761 flammam
566 743 650 764 incendii,
658 743 709 762 unde

186 767 260 786 elevans
273 767 337 786 oculos
349 767 394 786 vidit
407 767 504 789 Lazarum,
510 769 529 785 et
537 767 569 789 ait,
583 767 681 786 “Obsecro
690 770 709 786 te

186 793 241 811 Pater
249 792 348 814 Abraham,
356 795 378 811 ut
386 792 467 811 dimittas
478 792 575 815 Lazarum,
584 795 603 811 et
611 793 709 812 intinctum

187 817 264 842 digitum
272 819 375 836 extremum
384 817 402 835 in
410 823 431 836 os
437 824 499 836 meum
505 818 571 839 mittat,
579 818 630 842 quod
637 818 710 837 crucior

186 842 205 860 in
217 842 252 861 hac
265 841 356 861 flamma?
375 842 409 861 Cui
426 843 520 867 respondit
535 843 628 862 Abraham
640 843 709 865 dicens,

167 869 179 877 ¹¹
187 869 199 877 “
206 867 302 886 Memento
310 867 337 885 fili
346 867 389 891 quia
401 868 485 892 recepisti
499 868 548 886 hona
556 868 575 886 in
588 868 626 886 vita
638 870 676 890 tua,
690 871 709 887 et

186 892 267 910 Lazarus
278 892 359 911 similiter
372 892 426 911 mala.
452 893 508 911 Nunc
520 893 554 911 iste
567 893 679 915 consolatur,
688 896 709 912 tu

186 923 230 936 vero
239 917 334 941 torqueris.
360 917 385 936 Et
393 917 412 936 in
420 917 449 936 his
461 918 546 936 omnibus
557 918 613 937 chaos
621 924 709 943 magnum

186 942 235 960 inter
242 948 276 961 nos
290 944 308 961 et
316 948 349 961 vos
357 942 452 961 firmatum
464 945 498 965 est,
510 946 531 961 ut
542 949 565 961 ne
579 950 603 962 ue
614 943 656 962 inde
665 943 709 965 huc,

186 973 247 992 neque
260 967 302 986 hinc
315 967 358 986 illuc
371 967 443 986 transiri
455 968 527 992 possit.”
552 968 568 987 A
592 968 632 987 haec
642 968 672 987 ille
681 975 708 987 re-
734 981 737 984 ι

167 995 179 1003 “
186 992 265 1017 spondit,
279 995 290 1003 “
297 993 345 1011 Sunt
356 993 401 1012 mihi
415 993 496 1018 quinque
509 993 581 1015 iratres,
596 994 673 1012 obsecro
682 996 702 1013 te

783 903 794 944 ,ῃ
