806 1298
175 113 206 129 4⁷⁰
285 111 338 128 Gonu
349 112 455 128 Arocnnuus
466 111 509 128 Νονι
519 111 625 128 Tou-runnu.

200 155 271 174 “Unus
279 157 308 173 est
318 155 374 176 Deus,
383 161 439 179 quem
447 155 535 180 praedicat
543 155 554 173 J
556 161 630 177 oannes,
638 161 686 173 unus
695 157 723 174 est

201 180 291 199 Dominus
296 180 350 199 Jesus
355 180 453 199 Christus.”
477 180 540 198 Altera
547 182 609 198 autem
616 180 645 198 die
653 180 722 199 Craton

202 205 324 230 Philosophus
340 205 359 224 in
376 205 417 224 foro
435 207 555 230 proposuerat
573 205 596 224 de
615 208 723 230 contemptu

201 230 265 249 mundi
272 230 403 255 spectaculum,
410 233 431 249 ut
438 230 556 255 duojuvenes
562 230 628 249 fratres
634 230 723 253 ditissimi,

183 259 189 267 ·
202 262 249 280 quos
266 255 336 274 fecerat
356 255 443 274 distracto
465 255 574 280 patrimonio
591 261 624 274 suo
641 261 723 280 gemmas

201 287 262 299 emere
270 280 355 305 singulas,
364 287 410 305 qua-s
419 281 437 299 in
447 283 547 305 conspectu
552 280 611 299 omnis
617 280 723 309 frangerent

200 305 269 335 populi
294 306 350 326 Quod
358 312 415 331 quum
423 305 506 324 facerent
517 306 575 330 pueri,
588 305 664 330 contigit
674 308 723 324 tran-

201 331 256 349 situm
264 330 332 349 habere
339 331 449 355 apostolum,
456 333 475 349 et
481 336 585 349 convocans
591 330 615 349 ad
621 337 641 349 se
647 331 724 349 Craton-

202 362 231 374 em
248 355 378 380 philosophum
401 356 433 378 ait,
454 355 544 374 “Stultus
565 358 593 375 est
609 356 643 374 iste
659 355 723 374 mundi

185 384 196 392 ¹¹²
203 383 326 405 contemptus,
331 381 362 405 qui
367 381 462 400 hominum
468 387 499 399 ore
503 380 595 402 laudatur,
600 380 632 399 sed
637 380 725 399 condem-

202 408 256 424 natur
264 406 326 424 divino
332 406 406 430 judicio.
432 406 483 425 Sicut
495 412 543 424 vana
554 405 644 424 medicina
656 408 690 428 est,
700 412 724 424 ex

203 437 240 455 qua
248 437 286 450 non
294 431 393 450 absciditur
405 431 487 453 morbus,
500 430 525 449 ita
537 437 585 449 vana
598 430 681 449 doctrina
689 433 725 453 est,

203 462 227 474 ex
236 462 273 480 qua
285 462 323 474 non
336 456 379 475 vitia
391 459 479 475 curantur
491 456 601 478 animorum,
609 458 628 474 et
636 457 724 474 morum!s

203 481 292 505 Magister
299 481 361 506 itaque
369 487 421 500 meus
428 481 514 506 juvenem
523 481 627 506 cupientem
635 481 659 499 ad
668 481 724 499 vitam

185 509 292 525 “aeternam
301 507 390 531 attingere
402 506 431 525 his
444 506 503 525 verbis
515 506 606 528 instruxit,
620 506 685 530 quibus
698 506 725 524 di-

203 533 258 553 ceret,
270 533 292 549 ut
305 531 319 549 si
332 531 388 550 vellet
399 531 493 556 perfectus
506 537 551 553 esse,
564 531 652 549 venderet
663 531 725 549 omnia

203 562 242 578 sua,
249 558 268 574 et
276 556 326 574 daret
338 556 462 580 pauperibus,
457 563 461 567 ’
476 562 513 580 quo
525 556 576 574 facto
589 556 695 575 thesaurum
705 556 724 574 in

203 581 251 600 coelo
260 581 368 605 acquireret,
377 583 396 599 et
404 581 460 599 vitam
469 583 563 603 aeternam,
572 587 614 605 quae
621 581 678 600 finem
686 587 724 599 non

203 606 265 628 habet,
269 606 373 625 inveniret?
398 606 466 625 Craton
472 606 536 628 dixit,
537 606 643 625 ‘Humanae
648 606 725 631 cupidit-

186 631 239 650 ”atis
252 630 320 650 fluctus
332 631 351 650 in
364 631 425 651 medio
434 631 504 656 positus
513 633 547 653 est,
555 631 587 650 sed
596 632 610 650 si
618 637 661 650 vere
675 631 725 650 Deus

203 657 289 681 magister
304 659 352 678 tuus,
371 659 390 675 et
410 657 450 675 vult
463 656 499 675 hoc
511 656 558 678 fieri,
576 659 597 675 ut
614 657 724 681 pauperibus

204 684 289 706 erogetur
298 688 363 700 census
371 682 424 706 pret-ii
436 682 500 701 harum
514 682 591 700 duarum
604 688 725 706 gemmarum,

203 706 233 725 fac
246 713 277 725 eas
289 707 413 731 redintegrari,
428 709 449 725 ut
462 707 511 731 quod
524 713 558 731 ego
571 707 606 725 feci
619 707 642 725 ad
656 706 725 725 famam

204 732 306 753 hominum,
311 734 332 750 tu
336 731 393 750 facias
398 731 421 750 ad
426 732 501 756 gloriam
507 732 547 756 ejus
553 731 599 753 fien‘,
608 738 663 756 quem
672 734 725 750 tuum

186 760 198 768 ²·
205 757 311 781 magistrum
320 763 359 775 esse
368 758 511 775 commemoras!

229 782 282 800 Tunc
292 782 356 800 beatus
367 782 448 800 Joannes
461 782 548 806 colligens
560 781 663 806 fragmenta
675 788 726 806 gem-

204 813 276 825 marum
288 813 361 836 ponens
371 806 389 825 in
403 813 459 825 manu
472 813 505 825 sua
517 807 595 825 elevavit
608 807 671 825 oculos
683 813 725 825 suos

205 832 228 850 ad
237 831 310 853 coelum,
319 834 338 850 et
346 832 376 853 ait,
390 832 487 850 “Domine
500 832 545 850 Jesu
556 832 632 854 Christe,
642 832 671 850 cui
680 832 724 850 nihil

204 856 320 886 iquSSibfle.
328 859 361 879 est,
374 857 405 881 qui
417 857 496 875 fractum
509 857 599 875 mundum
612 861 645 881 per
656 857 725 882 lignum

186 885 199 893 ¹·
206 882 265 901 crucis
272 885 308 900 tuae
315 882 333 900 in
339 882 375 900 tuis
379 882 463 900 fidelibus
470 882 580 904 restaurfisti,
586 882 616 906 qui
623 885 668 900 nato
674 888 725 901 coeco

206 907 275 929 oculos,
284 907 334 932 quod
342 909 408 925 natura
416 909 520 931 negaverat,
531 907 630 929 reddidisti,
638 907 670 931 qui
678 913 727 925 mor-

205 934 258 951 tuum
267 932 357 950 Lazarum
366 934 385 950 et
393 932 493 957 sepultum,
501 935 544 957 post
552 935 638 956 quartum
646 932 694 951 diem
703 932 727 950 ad

206 963 282 982 superos
297 957 392 979 revocasti,
406 960 425 976 et
445 963 508 976 omnes
523 958 602 979 morbos,
615 963 726 981 omnemque

206 982 331 1007 aegritudinem
338 982 410 1001 virtutis
415 985 453 1001 tuae
458 982 513 1001 verbo
519 982 586 1001 curasti
593 989 598 1004 ς
604 982 667 1001 adesto
676 988 725 1001 nunc

188 1010 199 1018 ’³
207 1014 262 1032 super
271 1007 315 1026 istos
323 1007 392 1032 lapides
397 1008 492 1032 pretiosos,
501 1014 547 1032 quos
556 1008 660 1032 ignorantes
668 1007 725 1026 fruct-
