<?xml version="1.0" encoding="UTF-8"?>
<!DOCTYPE html PUBLIC "-//W3C//DTD XHTML 1.0 Transitional//EN"
    "http://www.w3.org/TR/xhtml1/DTD/xhtml1-transitional.dtd">
<html xmlns="http://www.w3.org/1999/xhtml" xml:lang="en" lang="en">
 <head>
  <title>
</title>
<meta http-equiv="Content-Type" content="text/html;charset=utf-8" />
  <meta name='ocr-system' content='tesseract 3.04.00' />
  <meta name='ocr-capabilities' content='ocr_page ocr_carea ocr_par ocr_line ocrx_word'/>
</head>
<body>
  <div class='ocr_page' id='page_1' title='image "./codexapocryphus01gilegoog_0065.png"; bbox 0 0 806 1298; ppageno 0'>
   <div class='ocr_carea' id='block_1_1' title="bbox 189 114 634 130">
    <p class='ocr_par' dir='ltr' id='par_1_1' title="bbox 189 114 634 130">
     <span class='ocr_line' id='line_1_1' title="bbox 189 114 634 130; baseline 0 0"><span class='ocrx_word' id='word_1_1' title='bbox 189 114 220 130; x_wconf 78' lang='lat'><strong>510</strong></span> <span class='ocrx_word' id='word_1_2' title='bbox 286 114 340 130; x_wconf 76' lang='lat' dir='ltr'><strong>Cunzx</strong></span> <span class='ocrx_word' id='word_1_3' title='bbox 352 115 459 130; x_wconf 66' lang='lat' dir='ltr'><strong>Arocnwuus</strong></span> <span class='ocrx_word' id='word_1_4' title='bbox 471 114 515 130; x_wconf 82' lang='lat' dir='ltr'><strong>Novi</strong></span> <span class='ocrx_word' id='word_1_5' title='bbox 527 114 634 130; x_wconf 65' lang='lat' dir='ltr'><strong>Tminzmx.</strong></span> 
     </span>
    </p>
   </div>
   <div class='ocr_carea' id='block_1_2' title="bbox 218 231 708 299">
    <p class='ocr_par' dir='ltr' id='par_1_2' title="bbox 218 231 708 299">
     <span class='ocr_line' id='line_1_2' title="bbox 218 231 708 262; baseline 0 -1"><span class='ocrx_word' id='word_1_6' title='bbox 218 243 259 261; x_wconf 91' lang='lat' dir='ltr'><strong>XX.</strong></span> <span class='ocrx_word' id='word_1_7' title='bbox 273 243 396 262; x_wconf 84' lang='lat' dir='ltr'>EPISTOLA</span> <span class='ocrx_word' id='word_1_8' title='bbox 410 243 485 262; x_wconf 87' lang='lat' dir='ltr'>PAULI</span> <span class='ocrx_word' id='word_1_9' title='bbox 499 243 533 261; x_wconf 82' lang='lat' dir='ltr'><strong>AD</strong></span> <span class='ocrx_word' id='word_1_10' title='bbox 547 231 708 261; x_wconf 71' lang='lat' dir='ltr'><strong>coizINTfflos</strong></span> 
     </span>
     <span class='ocr_line' id='line_1_3' title="bbox 413 281 515 299; baseline 0 0"><span class='ocrx_word' id='word_1_11' title='bbox 413 281 515 299; x_wconf 80' lang='lat' dir='ltr'><strong>TERTIA.</strong></span> 
     </span>
    </p>
   </div>
   <div class='ocr_carea' id='block_1_3' title="bbox 190 334 739 360">
    <p class='ocr_par' dir='ltr' id='par_1_3' title="bbox 190 334 739 360">
     <span class='ocr_line' id='line_1_4' title="bbox 190 334 739 360; baseline -0.004 -6"><span class='ocrx_word' id='word_1_12' title='bbox 190 335 257 354; x_wconf 78' lang='lat' dir='ltr'><strong>Paulus</strong></span> <span class='ocrx_word' id='word_1_13' title='bbox 268 336 334 354; x_wconf 72' lang='lat' dir='ltr'><strong>vinctus</strong></span> <span class='ocrx_word' id='word_1_14' title='bbox 345 336 389 354; x_wconf 68' lang='lat' dir='ltr'><strong>lesu</strong></span> <span class='ocrx_word' id='word_1_15' title='bbox 398 336 471 357; x_wconf 70' lang='lat' dir='ltr'><strong>Christi,</strong></span> <span class='ocrx_word' id='word_1_16' title='bbox 477 336 568 360; x_wconf 78' lang='lat' dir='ltr'><strong>fratribus</strong></span> <span class='ocrx_word' id='word_1_17' title='bbox 578 335 674 354; x_wconf 74' lang='lat' dir='ltr'><strong>Corinthiis</strong></span> <span class='ocrx_word' id='word_1_18' title='bbox 685 334 739 353; x_wconf 71' lang='lat' dir='ltr'><strong>variis</strong></span> 
     </span>
    </p>
   </div>
   <div class='ocr_carea' id='block_1_4' title="bbox 293 373 631 398">
    <p class='ocr_par' dir='ltr' id='par_1_4' title="bbox 293 373 631 398">
     <span class='ocr_line' id='line_1_5' title="bbox 293 373 631 398; baseline 0 -7"><span class='ocrx_word' id='word_1_19' title='bbox 293 373 427 397; x_wconf 55' lang='lat' dir='ltr'><strong>confessionibus</strong></span> <span class='ocrx_word' id='word_1_20' title='bbox 436 373 538 398; x_wconf 73' lang='lat' dir='ltr'><strong>exagitatis,</strong></span> <span class='ocrx_word' id='word_1_21' title='bbox 548 373 631 392; x_wconf 76' lang='lat' dir='ltr'><em>Salutem.</em></span> 
     </span>
    </p>
   </div>
   <div class='ocr_carea' id='block_1_5' title="bbox 188 422 738 973">
    <p class='ocr_par' dir='ltr' id='par_1_5' title="bbox 188 422 738 973">
     <span class='ocr_line' id='line_1_6' title="bbox 214 422 738 448; baseline -0.004 -6"><span class='ocrx_word' id='word_1_22' title='bbox 214 423 264 442; x_wconf 88' lang='lat' dir='ltr'><strong>Nihil</strong></span> <span class='ocrx_word' id='word_1_23' title='bbox 271 423 327 442; x_wconf 76' lang='lat' dir='ltr'><strong>miror</strong></span> <span class='ocrx_word' id='word_1_24' title='bbox 334 426 371 442; x_wconf 75' lang='lat' dir='ltr'><strong>tam</strong></span> <span class='ocrx_word' id='word_1_25' title='bbox 378 424 462 442; x_wconf 77' lang='lat' dir='ltr'>celeriter</span> <span class='ocrx_word' id='word_1_26' title='bbox 468 430 563 442; x_wconf 75' lang='lat' dir='ltr'><strong>accurrere</strong></span> <span class='ocrx_word' id='word_1_27' title='bbox 569 422 690 448; x_wconf 70' lang='lat' dir='ltr'>improbitatis</span> <span class='ocrx_word' id='word_1_28' title='bbox 696 428 738 446; x_wconf 86' lang='lat' dir='ltr'><strong>per-</strong></span> 
     </span>
     <span class='ocr_line' id='line_1_7' title="bbox 188 447 737 472; baseline -0.004 -5"><span class='ocrx_word' id='word_1_29' title='bbox 188 455 272 467; x_wconf 76' lang='lat' dir='ltr'><strong>suasores</strong></span> <span class='ocrx_word' id='word_1_30' title='bbox 279 455 283 467; x_wconf 83' lang='lat'>:</span> <span class='ocrx_word' id='word_1_31' title='bbox 297 455 354 472; x_wconf 86' lang='lat' dir='ltr'><strong>quum</strong></span> <span class='ocrx_word' id='word_1_32' title='bbox 361 449 410 467; x_wconf 87' lang='lat' dir='ltr'><strong>enim</strong></span> <span class='ocrx_word' id='word_1_33' title='bbox 416 449 506 467; x_wconf 77' lang='lat' dir='ltr'>Dominus</span> <span class='ocrx_word' id='word_1_34' title='bbox 515 449 525 467; x_wconf 89' lang='lat' dir='ltr'>J</span> <span class='ocrx_word' id='word_1_35' title='bbox 527 455 569 467; x_wconf 87' lang='lat' dir='ltr'><strong>esus</strong></span> <span class='ocrx_word' id='word_1_36' title='bbox 576 449 613 467; x_wconf 82' lang='lat' dir='ltr'><strong>cito</strong></span> <span class='ocrx_word' id='word_1_37' title='bbox 622 447 737 472; x_wconf 70' lang='lat' dir='ltr'>perfecturus</span> 
     </span>
     <span class='ocr_line' id='line_1_8' title="bbox 189 472 737 498; baseline -0.004 -6"><span class='ocrx_word' id='word_1_38' title='bbox 189 473 212 492; x_wconf 73' lang='lat' dir='ltr'><strong>nit</strong></span> <span class='ocrx_word' id='word_1_39' title='bbox 220 474 319 492; x_wconf 75' lang='lat' dir='ltr'><strong>adventum</strong></span> <span class='ocrx_word' id='word_1_40' title='bbox 333 480 392 495; x_wconf 87' lang='lat' dir='ltr'><strong>suum,</strong></span> <span class='ocrx_word' id='word_1_41' title='bbox 401 477 444 492; x_wconf 88' lang='lat' dir='ltr'><strong>sunt</strong></span> <span class='ocrx_word' id='word_1_42' title='bbox 453 474 484 498; x_wconf 90' lang='lat' dir='ltr'><strong>qui</strong></span> <span class='ocrx_word' id='word_1_43' title='bbox 495 476 601 498; x_wconf 81' lang='lat' dir='ltr'>permutent</span> <span class='ocrx_word' id='word_1_44' title='bbox 609 476 628 491; x_wconf 81' lang='lat' dir='ltr'><strong>et</strong></span> <span class='ocrx_word' id='word_1_45' title='bbox 636 472 737 497; x_wconf 78' lang='lat' dir='ltr'><strong>despiciant</strong></span> 
     </span>
     <span class='ocr_line' id='line_1_9' title="bbox 188 497 737 523; baseline -0.004 -6"><span class='ocrx_word' id='word_1_46' title='bbox 188 498 228 522; x_wconf 82' lang='lat' dir='ltr'><strong>ejus</strong></span> <span class='ocrx_word' id='word_1_47' title='bbox 237 498 328 517; x_wconf 74' lang='lat' dir='ltr'><strong>mandata.</strong></span> <span class='ocrx_word' id='word_1_48' title='bbox 355 499 396 523; x_wconf 85' lang='lat' dir='ltr'><strong>Ego</strong></span> <span class='ocrx_word' id='word_1_49' title='bbox 405 505 449 517; x_wconf 86' lang='lat' dir='ltr'><strong>vero</strong></span> <span class='ocrx_word' id='word_1_50' title='bbox 458 499 480 517; x_wconf 82' lang='lat' dir='ltr'><strong>ab</strong></span> <span class='ocrx_word' id='word_1_51' title='bbox 489 499 540 517; x_wconf 82' lang='lat' dir='ltr'><strong>initio</strong></span> <span class='ocrx_word' id='word_1_52' title='bbox 547 498 565 517; x_wconf 86' lang='lat' dir='ltr'><strong>id</strong></span> <span class='ocrx_word' id='word_1_53' title='bbox 572 499 631 523; x_wconf 88' lang='lat' dir='ltr'><strong>ipsum</strong></span> <span class='ocrx_word' id='word_1_54' title='bbox 640 504 673 515; x_wconf 91' lang='lat' dir='ltr'><strong>vos</strong></span> <span class='ocrx_word' id='word_1_55' title='bbox 682 497 737 515; x_wconf 82' lang='lat' dir='ltr'><strong>docui</strong></span> 
     </span>
     <span class='ocr_line' id='line_1_10' title="bbox 189 523 736 548; baseline -0.002 -7"><span class='ocrx_word' id='word_1_56' title='bbox 189 523 238 547; x_wconf 87' lang='lat' dir='ltr'><strong>quod</strong></span> <span class='ocrx_word' id='word_1_57' title='bbox 249 530 261 541; x_wconf 73' lang='lat' dir='ltr'>a</span> <span class='ocrx_word' id='word_1_58' title='bbox 272 523 361 547; x_wconf 77' lang='lat' dir='ltr'><strong>prioribus</strong></span> <span class='ocrx_word' id='word_1_59' title='bbox 373 523 460 547; x_wconf 76' lang='lat' dir='ltr'><strong>apostolis</strong></span> <span class='ocrx_word' id='word_1_60' title='bbox 472 524 541 548; x_wconf 73' lang='lat' dir='ltr'><strong>accepi,</strong></span> <span class='ocrx_word' id='word_1_61' title='bbox 550 524 581 547; x_wconf 94' lang='lat' dir='ltr'><strong>qui</strong></span> <span class='ocrx_word' id='word_1_62' title='bbox 593 525 681 547; x_wconf 87' lang='lat' dir='ltr'><strong>perpetuo</strong></span> <span class='ocrx_word' id='word_1_63' title='bbox 693 528 736 540; x_wconf 90' lang='lat' dir='ltr'><strong>cum</strong></span> 
     </span>
     <span class='ocr_line' id='line_1_11' title="bbox 189 547 736 572; baseline -0.002 -6"><span class='ocrx_word' id='word_1_64' title='bbox 189 548 269 566; x_wconf 84' lang='lat' dir='ltr'><strong>Domino</strong></span> <span class='ocrx_word' id='word_1_65' title='bbox 276 548 378 566; x_wconf 76' lang='lat' dir='ltr'><strong>conversati</strong></span> <span class='ocrx_word' id='word_1_66' title='bbox 384 551 432 566; x_wconf 45' lang='lat' dir='ltr'><strong>sunt⁴</strong></span> <span class='ocrx_word' id='word_1_67' title='bbox 458 548 505 567; x_wconf 87' lang='lat' dir='ltr'><strong>Dico</strong></span> <span class='ocrx_word' id='word_1_68' title='bbox 512 554 556 572; x_wconf 85' lang='lat' dir='ltr'><strong>ergo</strong></span> <span class='ocrx_word' id='word_1_69' title='bbox 563 548 662 566; x_wconf 76' lang='lat' dir='ltr'><strong>Dominum</strong></span> <span class='ocrx_word' id='word_1_70' title='bbox 672 547 683 565; x_wconf 85' lang='lat' dir='ltr'>J</span> <span class='ocrx_word' id='word_1_71' title='bbox 685 553 736 566; x_wconf 83' lang='lat' dir='ltr'><strong>esum</strong></span> 
     </span>
     <span class='ocr_line' id='line_1_12' title="bbox 189 572 736 597; baseline -0.002 -6"><span class='ocrx_word' id='word_1_72' title='bbox 189 579 199 590; x_wconf 82' lang='lat' dir='ltr'><strong>e</strong></span> <span class='ocrx_word' id='word_1_73' title='bbox 207 573 266 591; x_wconf 80' lang='lat' dir='ltr'><strong>Maria</strong></span> <span class='ocrx_word' id='word_1_74' title='bbox 272 573 345 597; x_wconf 81' lang='lat' dir='ltr'><strong>Virgine</strong></span> <span class='ocrx_word' id='word_1_75' title='bbox 352 580 362 591; x_wconf 87' lang='lat' dir='ltr'><strong>e</strong></span> <span class='ocrx_word' id='word_1_76' title='bbox 368 573 437 591; x_wconf 83' lang='lat' dir='ltr'><strong>semine</strong></span> <span class='ocrx_word' id='word_1_77' title='bbox 444 573 503 592; x_wconf 74' lang='lat' dir='ltr'><strong>David</strong></span> <span class='ocrx_word' id='word_1_78' title='bbox 510 577 574 592; x_wconf 80' lang='lat' dir='ltr'><strong>natum</strong></span> <span class='ocrx_word' id='word_1_79' title='bbox 582 579 627 594; x_wconf 86' lang='lat' dir='ltr'><strong>esse,</strong></span> <span class='ocrx_word' id='word_1_80' title='bbox 634 572 736 591; x_wconf 84' lang='lat' dir='ltr'><strong>secundum</strong></span> 
     </span>
     <span class='ocr_line' id='line_1_13' title="bbox 189 597 736 622; baseline -0.002 -6"><span class='ocrx_word' id='word_1_81' title='bbox 189 597 208 616; x_wconf 88' lang='lat' dir='ltr'><strong>id</strong></span> <span class='ocrx_word' id='word_1_82' title='bbox 214 598 265 622; x_wconf 83' lang='lat' dir='ltr'><strong>quod</strong></span> <span class='ocrx_word' id='word_1_83' title='bbox 273 598 350 622; x_wconf 79' lang='lat' dir='ltr'><strong>Spiritus</strong></span> <span class='ocrx_word' id='word_1_84' title='bbox 357 598 435 616; x_wconf 83' lang='lat' dir='ltr'><strong>Sanctus</strong></span> <span class='ocrx_word' id='word_1_85' title='bbox 442 604 452 616; x_wconf 97' lang='lat' dir='ltr'><strong>e</strong></span> <span class='ocrx_word' id='word_1_86' title='bbox 459 598 507 616; x_wconf 79' lang='lat' dir='ltr'><strong>coelo</strong></span> <span class='ocrx_word' id='word_1_87' title='bbox 514 604 525 616; x_wconf 83' lang='lat' dir='ltr'>a</span> <span class='ocrx_word' id='word_1_88' title='bbox 531 599 585 616; x_wconf 86' lang='lat' dir='ltr'><strong>Patre</strong></span> <span class='ocrx_word' id='word_1_89' title='bbox 594 598 612 616; x_wconf 94' lang='lat' dir='ltr'><strong>in</strong></span> <span class='ocrx_word' id='word_1_90' title='bbox 622 604 663 616; x_wconf 76' lang='lat' dir='ltr'><strong>eum</strong></span> <span class='ocrx_word' id='word_1_91' title='bbox 671 597 736 615; x_wconf 88' lang='lat' dir='ltr'><strong>missus</strong></span> 
     </span>
     <span class='ocr_line' id='line_1_14' title="bbox 188 623 737 645; baseline 0 -4"><span class='ocrx_word' id='word_1_92' title='bbox 188 623 334 645; x_wconf 77' lang='lat' dir='ltr'><strong>annuntiaverat,</strong></span> <span class='ocrx_word' id='word_1_93' title='bbox 348 626 368 641; x_wconf 93' lang='lat' dir='ltr'><strong>ut</strong></span> <span class='ocrx_word' id='word_1_94' title='bbox 382 623 465 641; x_wconf 82' lang='lat' dir='ltr'><strong>videiicet</strong></span> <span class='ocrx_word' id='word_1_95' title='bbox 478 623 532 641; x_wconf 83' lang='lat' dir='ltr'><strong>Jesus</strong></span> <span class='ocrx_word' id='word_1_96' title='bbox 544 623 562 641; x_wconf 92' lang='lat' dir='ltr'><strong>in</strong></span> <span class='ocrx_word' id='word_1_97' title='bbox 576 623 646 641; x_wconf 86' lang='lat' dir='ltr'><strong>mundo</strong></span> <span class='ocrx_word' id='word_1_98' title='bbox 661 628 737 640; x_wconf 85' lang='lat' dir='ltr'><strong>conver-</strong></span> 
     </span>
     <span class='ocr_line' id='line_1_15' title="bbox 188 648 736 672; baseline 0 -6"><span class='ocrx_word' id='word_1_99' title='bbox 188 650 265 670; x_wconf 75' lang='lat' dir='ltr'><strong>saretur,</strong></span> <span class='ocrx_word' id='word_1_100' title='bbox 272 651 291 666; x_wconf 83' lang='lat' dir='ltr'><strong>et</strong></span> <span class='ocrx_word' id='word_1_101' title='bbox 298 654 352 666; x_wconf 80' lang='lat' dir='ltr'><strong>carne</strong></span> <span class='ocrx_word' id='word_1_102' title='bbox 361 654 395 667; x_wconf 72' lang='lat' dir='ltr'><strong>sua</strong></span> <span class='ocrx_word' id='word_1_103' title='bbox 403 655 476 667; x_wconf 86' lang='lat' dir='ltr'><strong>omnem</strong></span> <span class='ocrx_word' id='word_1_104' title='bbox 486 655 559 667; x_wconf 79' lang='lat' dir='ltr'><strong>carnem</strong></span> <span class='ocrx_word' id='word_1_105' title='bbox 568 648 658 669; x_wconf 78' lang='lat' dir='ltr'><strong>liberaret,</strong></span> <span class='ocrx_word' id='word_1_106' title='bbox 665 654 736 672; x_wconf 85' lang='lat' dir='ltr'><strong>nosque</strong></span> 
     </span>
     <span class='ocr_line' id='line_1_16' title="bbox 188 673 736 698; baseline 0 -7"><span class='ocrx_word' id='word_1_107' title='bbox 188 673 285 691; x_wconf 74' lang='lat' dir='ltr'><strong>suscitaret</strong></span> <span class='ocrx_word' id='word_1_108' title='bbox 297 679 308 691; x_wconf 75' lang='lat' dir='ltr'><strong>a</strong></span> <span class='ocrx_word' id='word_1_109' title='bbox 320 673 402 694; x_wconf 80' lang='lat' dir='ltr'><strong>mortuis,</strong></span> <span class='ocrx_word' id='word_1_110' title='bbox 418 674 469 698; x_wconf 84' lang='lat' dir='ltr'><strong>cujus</strong></span> <span class='ocrx_word' id='word_1_111' title='bbox 486 673 623 692; x_wconf 85' lang='lat' dir='ltr'><strong>resurrectionis</strong></span> <span class='ocrx_word' id='word_1_112' title='bbox 640 679 659 691; x_wconf 84' lang='lat' dir='ltr'><strong>se</strong></span> <span class='ocrx_word' id='word_1_113' title='bbox 676 673 736 697; x_wconf 87' lang='lat' dir='ltr'><strong>ipsum</strong></span> 
     </span>
     <span class='ocr_line' id='line_1_17' title="bbox 189 698 736 722; baseline 0 -6"><span class='ocrx_word' id='word_1_114' title='bbox 189 698 283 722; x_wconf 77' lang='lat' dir='ltr'><strong>exemplar</strong></span> <span class='ocrx_word' id='word_1_115' title='bbox 288 698 373 716; x_wconf 81' lang='lat' dir='ltr'><strong>ostendit.</strong></span> <span class='ocrx_word' id='word_1_116' title='bbox 390 698 482 716; x_wconf 82' lang='lat' dir='ltr'><strong>Praeterea</strong></span> <span class='ocrx_word' id='word_1_117' title='bbox 487 698 604 716; x_wconf 71' lang='lat' dir='ltr'><strong>manifestum</strong></span> <span class='ocrx_word' id='word_1_118' title='bbox 610 700 637 716; x_wconf 86' lang='lat' dir='ltr'><strong>est</strong></span> <span class='ocrx_word' id='word_1_119' title='bbox 642 698 736 716; x_wconf 84' lang='lat' dir='ltr'><strong>hominem</strong></span> 
     </span>
     <span class='ocr_line' id='line_1_18' title="bbox 188 722 736 747; baseline 0 -6"><span class='ocrx_word' id='word_1_120' title='bbox 188 728 199 740; x_wconf 74' lang='lat' dir='ltr'>a</span> <span class='ocrx_word' id='word_1_121' title='bbox 211 723 265 741; x_wconf 73' lang='lat' dir='ltr'><strong>Patre</strong></span> <span class='ocrx_word' id='word_1_122' title='bbox 278 729 317 741; x_wconf 84' lang='lat' dir='ltr'><strong>esse</strong></span> <span class='ocrx_word' id='word_1_123' title='bbox 331 725 413 741; x_wconf 75' lang='lat' dir='ltr'><strong>creatum</strong></span> <span class='ocrx_word' id='word_1_124' title='bbox 425 723 530 747; x_wconf 81' lang='lat' dir='ltr'><strong>idcircoque</strong></span> <span class='ocrx_word' id='word_1_125' title='bbox 542 723 560 741; x_wconf 93' lang='lat' dir='ltr'><strong>in</strong></span> <span class='ocrx_word' id='word_1_126' title='bbox 571 723 673 747; x_wconf 82' lang='lat' dir='ltr'><strong>perditione</strong></span> <span class='ocrx_word' id='word_1_127' title='bbox 686 722 736 740; x_wconf 72' lang='lat' dir='ltr'><strong>haud</strong></span> 
     </span>
     <span class='ocr_line' id='line_1_19' title="bbox 188 747 736 772; baseline 0 -6"><span class='ocrx_word' id='word_1_128' title='bbox 188 747 214 765; x_wconf 71' lang='lat' dir='ltr'><strong>ita</strong></span> <span class='ocrx_word' id='word_1_129' title='bbox 226 747 310 766; x_wconf 81' lang='lat' dir='ltr'><strong>relictum</strong></span> <span class='ocrx_word' id='word_1_130' title='bbox 324 754 370 770; x_wconf 85' lang='lat' dir='ltr'><strong>esse,</strong></span> <span class='ocrx_word' id='word_1_131' title='bbox 383 748 426 772; x_wconf 90' lang='lat' dir='ltr'><strong>quin</strong></span> <span class='ocrx_word' id='word_1_132' title='bbox 441 748 516 766; x_wconf 88' lang='lat' dir='ltr'><strong>ulterius</strong></span> <span class='ocrx_word' id='word_1_133' title='bbox 530 748 677 772; x_wconf 82' lang='lat' dir='ltr'><strong>perquireretur;</strong></span> <span class='ocrx_word' id='word_1_134' title='bbox 695 753 736 772; x_wconf 85' lang='lat' dir='ltr'><strong>per-</strong></span> 
     </span>
     <span class='ocr_line' id='line_1_20' title="bbox 189 772 736 797; baseline 0 -6"><span class='ocrx_word' id='word_1_135' title='bbox 189 772 265 796; x_wconf 87' lang='lat' dir='ltr'><strong>quisitus</strong></span> <span class='ocrx_word' id='word_1_136' title='bbox 277 775 305 791; x_wconf 85' lang='lat' dir='ltr'><strong>est</strong></span> <span class='ocrx_word' id='word_1_137' title='bbox 317 773 371 794; x_wconf 88' lang='lat' dir='ltr'><strong>enim,</strong></span> <span class='ocrx_word' id='word_1_138' title='bbox 383 776 404 791; x_wconf 95' lang='lat' dir='ltr'><strong>ut</strong></span> <span class='ocrx_word' id='word_1_139' title='bbox 415 779 448 797; x_wconf 87' lang='lat' dir='ltr'><strong>per</strong></span> <span class='ocrx_word' id='word_1_140' title='bbox 461 773 578 797; x_wconf 76' lang='lat' dir='ltr'><strong>adoptionem</strong></span> <span class='ocrx_word' id='word_1_141' title='bbox 591 772 666 791; x_wconf 74' lang='lat' dir='ltr'><strong>filialem</strong></span> <span class='ocrx_word' id='word_1_142' title='bbox 680 773 736 791; x_wconf 85' lang='lat' dir='ltr'><strong>vitam</strong></span> 
     </span>
     <span class='ocr_line' id='line_1_21' title="bbox 189 797 736 822; baseline 0.002 -7"><span class='ocrx_word' id='word_1_143' title='bbox 189 797 285 816; x_wconf 73' lang='lat' dir='ltr'><strong>obtineret.</strong></span> <span class='ocrx_word' id='word_1_144' title='bbox 311 798 359 816; x_wconf 74' lang='lat' dir='ltr'><strong>Nam</strong></span> <span class='ocrx_word' id='word_1_145' title='bbox 372 798 428 820; x_wconf 86' lang='lat' dir='ltr'><strong>Deus,</strong></span> <span class='ocrx_word' id='word_1_146' title='bbox 439 798 470 822; x_wconf 90' lang='lat' dir='ltr'><strong>qui</strong></span> <span class='ocrx_word' id='word_1_147' title='bbox 483 798 572 816; x_wconf 85' lang='lat' dir='ltr'><strong>Dominus</strong></span> <span class='ocrx_word' id='word_1_148' title='bbox 584 800 612 816; x_wconf 85' lang='lat' dir='ltr'><strong>est</strong></span> <span class='ocrx_word' id='word_1_149' title='bbox 623 798 705 816; x_wconf 88' lang='lat' dir='ltr'><strong>omnium</strong></span> <span class='ocrx_word' id='word_1_150' title='bbox 716 800 736 815; x_wconf 86' lang='lat' dir='ltr'><strong>et</strong></span> 
     </span>
     <span class='ocr_line' id='line_1_22' title="bbox 189 822 736 847; baseline 0.002 -7"><span class='ocrx_word' id='word_1_151' title='bbox 189 822 243 840; x_wconf 77' lang='lat' dir='ltr'><strong>Pater</strong></span> <span class='ocrx_word' id='word_1_152' title='bbox 255 822 328 840; x_wconf 87' lang='lat' dir='ltr'><strong>Domini</strong></span> <span class='ocrx_word' id='word_1_153' title='bbox 340 823 397 841; x_wconf 78' lang='lat' dir='ltr'><strong>nostri</strong></span> <span class='ocrx_word' id='word_1_154' title='bbox 409 823 453 841; x_wconf 87' lang='lat' dir='ltr'><strong>Jesu</strong></span> <span class='ocrx_word' id='word_1_155' title='bbox 463 823 536 845; x_wconf 82' lang='lat' dir='ltr'><strong>Christi,</strong></span> <span class='ocrx_word' id='word_1_156' title='bbox 544 823 623 847; x_wconf 83' lang='lat' dir='ltr'><strong>primum</strong></span> <span class='ocrx_word' id='word_1_157' title='bbox 635 823 684 841; x_wconf 85' lang='lat' dir='ltr'><strong>misit</strong></span> <span class='ocrx_word' id='word_1_158' title='bbox 694 828 736 847; x_wconf 80' lang='lat' dir='ltr'><strong>pro—</strong></span> 
     </span>
     <span class='ocr_line' id='line_1_23' title="bbox 188 847 736 872; baseline 0.002 -7"><span class='ocrx_word' id='word_1_159' title='bbox 188 847 253 871; x_wconf 73' lang='lat' dir='ltr'><strong>phetas</strong></span> <span class='ocrx_word' id='word_1_160' title='bbox 265 847 288 865; x_wconf 77' lang='lat' dir='ltr'><strong>ad</strong></span> <span class='ocrx_word' id='word_1_161' title='bbox 301 847 383 869; x_wconf 77' lang='lat' dir='ltr'><strong>Judaeos,</strong></span> <span class='ocrx_word' id='word_1_162' title='bbox 394 850 416 866; x_wconf 86' lang='lat' dir='ltr'><strong>ut</strong></span> <span class='ocrx_word' id='word_1_163' title='bbox 427 854 458 866; x_wconf 89' lang='lat' dir='ltr'><strong>eos</strong></span> <span class='ocrx_word' id='word_1_164' title='bbox 472 854 483 866; x_wconf 80' lang='lat' dir='ltr'>a</span> <span class='ocrx_word' id='word_1_165' title='bbox 495 848 575 872; x_wconf 78' lang='lat' dir='ltr'><strong>peccatis</strong></span> <span class='ocrx_word' id='word_1_166' title='bbox 587 847 706 869; x_wconf 77' lang='lat' dir='ltr'><strong>abstraheret,</strong></span> <span class='ocrx_word' id='word_1_167' title='bbox 717 850 736 866; x_wconf 85' lang='lat' dir='ltr'><strong>et</strong></span> 
     </span>
     <span class='ocr_line' id='line_1_24' title="bbox 188 872 735 896; baseline 0.004 -7"><span class='ocrx_word' id='word_1_168' title='bbox 188 872 212 890; x_wconf 85' lang='lat' dir='ltr'><strong>ad</strong></span> <span class='ocrx_word' id='word_1_169' title='bbox 222 872 311 896; x_wconf 84' lang='lat' dir='ltr'><strong>justitiam</strong></span> <span class='ocrx_word' id='word_1_170' title='bbox 324 872 429 891; x_wconf 75' lang='lat' dir='ltr'><strong>adduceret.</strong></span> <span class='ocrx_word' id='word_1_171' title='bbox 456 873 518 893; x_wconf 86' lang='lat' dir='ltr'><strong>Quum</strong></span> <span class='ocrx_word' id='word_1_172' title='bbox 530 873 578 891; x_wconf 85' lang='lat' dir='ltr'><strong>enim</strong></span> <span class='ocrx_word' id='word_1_173' title='bbox 592 872 647 891; x_wconf 88' lang='lat' dir='ltr'><strong>vellet</strong></span> <span class='ocrx_word' id='word_1_174' title='bbox 659 873 735 891; x_wconf 86' lang='lat' dir='ltr'><strong>domurn</strong></span> 
     </span>
     <span class='ocr_line' id='line_1_25' title="bbox 189 897 735 922; baseline 0.002 -7"><span class='ocrx_word' id='word_1_175' title='bbox 189 897 262 915; x_wconf 81' lang='lat' dir='ltr'><strong>Israelis</strong></span> <span class='ocrx_word' id='word_1_176' title='bbox 273 903 351 919; x_wconf 71' lang='lat' dir='ltr'><strong>servare,</strong></span> <span class='ocrx_word' id='word_1_177' title='bbox 360 904 370 915; x_wconf 86' lang='lat' dir='ltr'><strong>e</strong></span> <span class='ocrx_word' id='word_1_178' title='bbox 381 897 449 921; x_wconf 87' lang='lat' dir='ltr'><strong>Spiritu</strong></span> <span class='ocrx_word' id='word_1_179' title='bbox 459 904 493 916; x_wconf 86' lang='lat' dir='ltr'><strong>suo</strong></span> <span class='ocrx_word' id='word_1_180' title='bbox 504 898 580 922; x_wconf 79' lang='lat' dir='ltr'><strong>largitus</strong></span> <span class='ocrx_word' id='word_1_181' title='bbox 592 900 619 916; x_wconf 86' lang='lat' dir='ltr'><strong>est</strong></span> <span class='ocrx_word' id='word_1_182' title='bbox 631 901 650 916; x_wconf 84' lang='lat' dir='ltr'><strong>et</strong></span> <span class='ocrx_word' id='word_1_183' title='bbox 659 898 707 916; x_wconf 83' lang='lat' dir='ltr'><strong>misit</strong></span> <span class='ocrx_word' id='word_1_184' title='bbox 717 898 735 916; x_wconf 93' lang='lat' dir='ltr'><strong>in</strong></span> 
     </span>
     <span class='ocr_line' id='line_1_26' title="bbox 188 921 736 946; baseline 0.002 -6"><span class='ocrx_word' id='word_1_185' title='bbox 188 921 294 946; x_wconf 70' lang='lat' dir='ltr'><strong>prophetas,</strong></span> <span class='ocrx_word' id='word_1_186' title='bbox 303 922 334 946; x_wconf 91' lang='lat' dir='ltr'><strong>qui</strong></span> <span class='ocrx_word' id='word_1_187' title='bbox 346 923 416 941; x_wconf 80' lang='lat' dir='ltr'><strong>cultum</strong></span> <span class='ocrx_word' id='word_1_188' title='bbox 430 923 470 944; x_wconf 84' lang='lat' dir='ltr'><strong>Dei,</strong></span> <span class='ocrx_word' id='word_1_189' title='bbox 479 923 523 941; x_wconf 88' lang='lat' dir='ltr'><strong>nulli</strong></span> <span class='ocrx_word' id='word_1_190' title='bbox 534 923 590 941; x_wconf 78' lang='lat' dir='ltr'><strong>errori</strong></span> <span class='ocrx_word' id='word_1_191' title='bbox 602 923 708 944; x_wconf 84' lang='lat' dir='ltr'><strong>obnoxium,</strong></span> <span class='ocrx_word' id='word_1_192' title='bbox 717 925 736 941; x_wconf 81' lang='lat' dir='ltr'><strong>et</strong></span> 
     </span>
     <span class='ocr_line' id='line_1_27' title="bbox 189 946 721 973; baseline 0.002 -8"><span class='ocrx_word' id='word_1_193' title='bbox 189 946 274 970; x_wconf 84' lang='lat' dir='ltr'><strong>(Christi)</strong></span> <span class='ocrx_word' id='word_1_194' title='bbox 284 947 395 966; x_wconf 78' lang='lat' dir='ltr'><strong>nativitatem</strong></span> <span class='ocrx_word' id='word_1_195' title='bbox 405 947 492 966; x_wconf 82' lang='lat' dir='ltr'><strong>diuturno</strong></span> <span class='ocrx_word' id='word_1_196' title='bbox 501 951 584 973; x_wconf 84' lang='lat' dir='ltr'><strong>tempore</strong></span> <span class='ocrx_word' id='word_1_197' title='bbox 593 948 721 973; x_wconf 52' lang='lat' dir='ltr'><strong>praedicarunt.</strong></span> 
     </span>
    </p>
   </div>
  </div>
 </body>
</html>
