806 1298
228 110 285 127 xxvii.
299 108 390 127 mean
403 108 421 126 S.
434 108 497 126 Parni.
599 107 635 127 567

85 154 177 173 orationes
190 160 255 173 eorum
267 160 329 178 puras,
342 160 406 172 ornnes
420 153 492 178 adjuva,
505 155 524 171 et
536 153 555 171 in
568 153 637 172 miseri-

84 179 148 198 cordia
156 181 189 198 tua
200 179 295 201 confirma,
303 182 325 197 ut
334 185 376 197 cum
385 179 425 200 illis,
434 181 453 197 et
464 179 511 197 inter
519 178 561 196 illos
569 178 636 197 refera-

86 210 127 222 mus
136 204 168 222 tibi
177 204 260 228 gloriam,
270 204 301 222 ὅτε.
542 214 544 216 >

112 229 200 247 Populus.
225 229 290 247 Amen.

112 254 207 272 Summos
219 260 331 272 maninus.
358 254 433 275 Praesta,
443 253 528 274 Domine,
536 259 569 277 per
583 254 637 272 sacri-

86 278 150 296 ficium
166 279 202 297 hoc
220 279 271 303 quod
290 278 423 303 peccatricibus
443 278 488 296 meis
505 278 588 296 manibus
605 279 638 297 tibi

86 303 170 325 offertur,
189 304 297 322 memoriam
316 304 385 322 bonam
404 303 492 327 patribus,
509 303 601 325 fratribus,
619 306 638 321 et

86 328 176 352 magistris
185 329 258 350 nostris,
265 331 284 347 et
290 329 375 347 omnibus
380 328 466 347 fidelibus
475 328 566 347 defunctis
575 329 636 350 istius;

86 355 106 371 et
114 353 248 378 cujuscumque
256 354 298 372 loci.

112 378 197 397 ELEVANS
223 385 290 397 vocam.
325 378 410 400 Domine,
435 378 519 399 Domine,
541 378 638 396 hominurn

87 405 164 425 amator,
176 403 195 421 in
207 403 248 422 sinu
259 403 382 422 Abrahamaeo
395 403 466 422 colloca
478 409 510 421 eos
522 403 553 427 qui
565 403 583 421 in
595 409 639 422 vera

86 427 124 446 fide
132 428 187 446 vitam
194 434 246 446 suam
253 428 410 450 consummarunt,
417 428 502 446 auferens
509 427 639 452 dimittensque

87 458 152 471 omnes
172 453 283 477 iniquitates,
303 455 321 471 et
341 453 501 477 praevaricatioues
520 452 600 474 illorum,
620 456 639 471 et

88 479 172 496 nostras:
194 478 238 501 quia.
254 478 316 496 nullus
333 480 361 496 est
375 484 386 496 a
401 478 481 502 peccatis
498 477 589 499 immunis,
605 478 639 496 nisi

88 502 180 521 Dominus
190 503 247 524 Deus,
255 505 274 521 et
283 503 366 521 Salvator
374 505 437 521 noster
446 503 456 521 J
458 508 499 521 esus
509 502 598 524 Christus,
606 509 640 527 per

89 533 151 551 quern,
165 530 185 546 et
201 528 344 546 misericordiam
364 528 458 551 consequi,
475 530 494 545 et
514 527 639 547 remissionem

88 554 208 576 peccatorum
217 553 276 574 nobis,
284 555 303 571 et
311 553 354 577 ipsis
363 559 463 577 speramus,
471 555 546 577 propter
555 558 603 571 eum.

114 577 203 596 Porums.
229 577 310 596 Dimitte.

114 602 214 621 Snermnos.
241 602 325 626 Ignosce,
335 602 420 624 Domine,
429 604 448 620 et
456 602 527 620 dimitte
536 608 613 624 errores,
622 604 640 620 et

88 627 200 651 insipientias
220 633 315 645 servorum
336 627 480 651 ancillarumque
501 629 580 648 tuarum,
601 629 640 645 tarn

89 652 172 670 occultas
185 658 240 676 quam
252 652 364 674 manifestas,
376 654 395 670 et
405 658 440 670 nos
451 652 500 676 eripe
512 658 523 670 a
531 651 639 670 confusione

89 682 152 695 coram
165 679 189 698 te,
203 679 224 695 ut
236 677 255 695 in
269 677 321 695 nobis
334 679 410 701 propter
424 683 464 699 nos,
478 679 497 695 et
512 677 568 695 nostri
584 683 640 695 causa

88 701 208 725 glorificetur,
217 704 236 720 et
247 702 333 722 laudetur
343 708 412 720 nomen
424 704 477 720 tuum
489 702 613 724 benedictum,
621 704 640 720 et

90 726 129 744 Filii
144 726 171 744 tui
184 727 258 744 Domini
272 727 329 745 nostri
343 727 387 745 Jesu
404 727 478 748 Christi,
490 729 509 745 et
521 727 598 751 Spiritus
613 727 640 745 tui

88 751 130 772 vivi,
139 753 158 769 et
166 751 231 773 saneti,
239 757 295 773 nunc,
305 752 336 770 ἃς.

114 776 203 794 Poenius.
229 776 285 795 Sicut.

114 801 214 819 Siccanas.
240 801 285 819 Pax.

115 825 202 844 Poruws.
229 826 254 844 Et
262 832 305 844 cum
314 826 378 850 spiritu
386 829 424 844 tuo.

114 850 214 869 SAcEnoos.
240 849 377 869 Misericordiae.

115 875 213 894 Dmcouus.
239 876 340 894 Credimus.

105 900 192 919 Sacerdos
195 901 270 925 frangit
279 901 360 919 ahmam.
388 901 451 920 Oratio
460 901 484 919 ad
492 901 547 919 Pater
555 903 623 919 noster.

115 925 241 949 Deprecamur
253 928 271 944 te
283 926 333 944 Deus
344 929 402 950 pater,
414 926 526 947 consolator,
535 929 554 944 et
567 926 640 944 confor-

88 952 138 968 tator
152 950 262 968 infimitatis
275 953 350 972 nostrae,
365 951 443 975 purifica
458 957 492 969 nos
506 951 534 969 ab·
544 951 641 975 omni-im-

89 975 179 993 munditia
203 975 309 1000 iniquitatis,
331 978 350 994 et
370 976 447 1000 peccati,
468 979 486 994 et
511 977 582 1000 suscipe
606 976 640 995 lias

90 999 198 1022 oblationes,
211 1006 256 1024 quas
268 1006 301 1024 pro
316 1001 396 1025 peccatis
410 1001 481 1023 nostris,
494 1001 526 1019 tibi
539 1001 641 1022 offerimus,
