806 1298
178 97 214 115 610
254 97 319 115 Comzx
332 98 453 115 Ammonos
467 96 516 115 Now
529 97 649 116 Tnsnmznu

179 142 347 161 corroborationem
359 142 409 164 fidei,
423 146 445 161 ut
458 142 572 161 sanctificent
585 145 604 160 et
615 142 698 160 laudent
714 144 744 163 te,

179 172 213 191 per
218 167 318 185 Dominum
326 169 344 185 et
351 168 467 186 Servatorem
474 170 557 186 nostrum
564 167 575 185 J
577 173 628 185 esum
635 166 743 185 Christum

180 197 221 209 cnm
231 192 299 210 Sancto
309 192 383 216 Spiritu,
391 192 410 210 in
419 192 488 210 saecula
496 192 613 213 saeculorum,
622 192 688 209 Amen.

204 216 298 235 Dmcouus
320 223 380 235 mcrr:
406 217 518 237 Quaesumus
536 219 561 238 te,
581 216 660 235 Domine
680 216 743 234 Deus

179 243 248 263 noster,
256 243 296 259 toto
306 242 368 263 corde,
374 244 395 260 ut
402 241 434 260 des
443 242 496 260 nobis
505 242 573 260 bonam
582 241 659 266 Spiritus
668 240 742 259 Sancti

180 271 273 284 unlonem.

205 290 300 311 Sicmmos
311 297 406 311 smum-un.
433 291 462 309 Da
473 291 525 309 nobis
537 293 558 309 ut
569 290 707 315 conjungamur
717 290 740 308 in

181 315 249 339 Spiritu
261 318 325 333 nancto
336 318 375 336 tuo,
387 318 406 333 et
419 322 463 333 sana
475 321 510 333 nos
521 321 555 339 per
566 315 602 334 hoc
614 314 741 336 sacrificium,

180 343 202 358 ut
214 340 232 357 in
245 342 264 358 te
277 340 321 358 salvi
336 340 398 361 simus,
410 346 444 364 per
458 340 519 358 omnia
531 340 601 358 saecula
614 340 739 361 saeculorum,

180 365 245 382 Amen.

206 389 327 407 Benedictum
340 390 363 408 sit
375 395 443 408 nomen
458 390 538 411 Domini,
549 391 568 407 et
580 389 687 407 benedictus
700 389 737 413 qui

181 414 231 432 venit
239 414 258 431 in
266 414 340 432 nomine
350 414 430 436 Domini,
437 416 456 432 et
465 414 581 432 benedictum
591 420 658 432 nomen
666 414 736 438 glorioe

181 438 233 462 ejus:
246 438 286 460 fiat,
294 439 333 460 fiat,
341 439 379 457 fiat.

206 464 288 482 Portibus
299 470 360 482 meir:
378 464 499 482 Benedictum
509 464 532 482 sit
543 470 610 482 nomen
623 463 704 484 Domini,
713 465 736 481 et

181 488 289 506 benedictus
298 489 329 512 qui
338 488 388 506 venit
396 489 415 506 in
424 489 498 506 nomine
507 488 581 506 Domini
588 490 607 506 et
614 488 735 506 benedictum

181 518 249 531 nornen
258 513 322 536 glon'ae
331 513 381 537 ejus:
395 513 434 534 fiat,
443 513 482 534 fiat,
491 513 529 531 fiat.

207 538 301 555 SAcmnos
316 543 376 556 mcrr:
395 538 450 555 Mitte
463 538 540 561 gratiam
554 538 632 562 Spiritus
645 537 662 555 S.
676 543 734 561 super

182 567 216 580 nos
225 562 309 580 Domine.

208 586 302 604 Dmconus
310 593 359 605 men·
368 593 372 605 :
386 587 459 611 Surgite
468 587 491 605 ad
500 587 607 605 orationem.

258 611 345 630 Sacerdos
353 612 396 630 dicit
405 612 429 629 ad
439 612 540 630 Orationem
547 612 656 636 Fragwaentn'.

208 635 303 654 Confiteor
314 636 345 655 tihi
356 637 435 655 Domine
447 637 497 655 Deus
508 642 560 655 meus
570 637 691 661 omnipotens,
701 636 732 660 qui

183 661 235 679 sedes
252 667 308 685 super
323 661 411 679 thronum
430 661 536 682 Cherubim,
554 663 574 679 et
590 661 661 679 habitas
678 667 733 685 super

183 685 262 707 excelsa,
275 688 294 703 et
307 686 386 704 laudaris
399 685 423 703 ab
436 686 546 707 humilibus;
561 686 591 710 qui
604 686 622 704 in
636 685 733 710 splendore

183 710 269 731 existens,
279 710 369 728 mundum
381 711 483 734 cognovisti
495 713 514 728 et
526 711 653 729 absconditum
664 712 733 738 myste-

183 735 230 753 rium
238 735 256 752 in
267 741 321 753 cruce
333 735 386 753 nobis
397 735 505 753 ostendisti:
523 736 563 759 quis
573 736 623 754 Deus
631 735 733 753 misencors

183 762 201 778 et
211 760 289 778 Sanctus
298 760 345 778 sicut
356 761 392 778 tu?
410 760 493 778 Potestas
504 762 535 778 tua
545 766 583 778 non
592 762 619 778 est
628 760 714 783 elongata
722 765 734 777 a

183 784 242 806 nobis,
248 791 304 808 quam
310 785 346 803 tuis
353 785 418 803 dedisti
425 785 517 809 discipulis
524 785 555 808 qui
562 785 631 803 mundo
637 786 656 802 et
662 784 733 802 siucero

183 809 239 827 corde
253 809 286 827 tibi
297 809 378 828 serviunt
389 811 409 827 et
420 809 502 827 offerunt
513 810 545 827 tibi
557 809 665 827 sacrificium
678 814 734 827 suave

184 833 249 851 olentis
261 834 329 855 odoris,
337 840 370 858 per
382 834 481 852 Dominum
494 837 512 852 et
524 834 638 852 servatorem
650 836 733 852 nostrum

184 858 195 876 J
197 864 248 876 esum
260 858 360 880 Christum,
370 859 405 880 cui,
414 861 433 876 et
445 859 492 880 Tibi,
500 861 519 877 et
530 859 603 883 Spiritui
613 859 630 877 S.
639 858 662 877 sit
670 858 734 882 gratia,

184 883 250 904 honor,
259 887 278 901 et
286 883 350 907 gloria,
358 884 376 901 in
386 883 454 901 saecula
462 883 577 902 saeculorum.

210 908 304 926 Dmcouvs
313 914 373 926 mer-r:
386 908 423 928 Qui
432 908 490 929 statis,
496 908 591 926 humiliate
600 908 660 932 capita
669 910 734 926 vestra.

209 932 303 951 SAOERnos
315 938 375 951 meir:
389 932 467 951 Domine
479 933 510 956 qui
518 933 590 951 habitas
601 939 656 957 super
665 932 736 950 Cheru-

184 956 228 978 bim,
237 960 255 975 et
263 957 338 981 respicis
349 963 405 981 super
416 957 506 981 populum
515 960 568 976 tuum
577 959 596 975 et
606 957 735 975 haereditatem

184 984 241 1003 tuam,
254 982 331 1000 benedic
345 988 407 1000 servos
420 985 462 1000 tuos
476 984 495 1000 et
508 982 583 1000 ancillas
596 984 643 1004 tuas,
654 984 673 1000 et
687 981 736 1000 filios
