<?xml version="1.0" encoding="UTF-8"?>
<!DOCTYPE html PUBLIC "-//W3C//DTD XHTML 1.0 Transitional//EN"
    "http://www.w3.org/TR/xhtml1/DTD/xhtml1-transitional.dtd">
<html xmlns="http://www.w3.org/1999/xhtml" xml:lang="en" lang="en">
 <head>
  <title>
</title>
<meta http-equiv="Content-Type" content="text/html;charset=utf-8" />
  <meta name='ocr-system' content='tesseract 3.04.00' />
  <meta name='ocr-capabilities' content='ocr_page ocr_carea ocr_par ocr_line ocrx_word'/>
</head>
<body>
  <div class='ocr_page' id='page_1' title='image "./codexapocryphus01gilegoog_0133.png"; bbox 0 0 806 1298; ppageno 0'>
   <div class='ocr_carea' id='block_1_1' title="bbox 170 103 651 123">
    <p class='ocr_par' dir='ltr' id='par_1_1' title="bbox 170 103 651 123">
     <span class='ocr_line' id='line_1_1' title="bbox 170 103 651 123; baseline 0 -1"><span class='ocrx_word' id='word_1_1' title='bbox 170 104 210 123; x_wconf 82' lang='lat'>578</span> <span class='ocrx_word' id='word_1_2' title='bbox 249 104 314 122; x_wconf 73' lang='lat' dir='ltr'>Conex</span> <span class='ocrx_word' id='word_1_3' title='bbox 328 104 449 122; x_wconf 68' lang='lat' dir='ltr'>Apociwpnus</span> <span class='ocrx_word' id='word_1_4' title='bbox 463 103 512 122; x_wconf 77' lang='lat' dir='ltr'>Now</span> <span class='ocrx_word' id='word_1_5' title='bbox 526 103 651 122; x_wconf 65' lang='lat' dir='ltr'>Tssnnenn.</span> 
     </span>
    </p>
   </div>
   <div class='ocr_carea' id='block_1_2' title="bbox 172 149 729 1014">
    <p class='ocr_par' dir='ltr' id='par_1_2' title="bbox 172 149 725 245">
     <span class='ocr_line' id='line_1_2' title="bbox 172 149 724 174; baseline 0 -7"><span class='ocrx_word' id='word_1_6' title='bbox 172 152 191 167; x_wconf 84' lang='lat' dir='ltr'>te</span> <span class='ocrx_word' id='word_1_7' title='bbox 200 149 322 168; x_wconf 85' lang='lat' dir='ltr'>benedicunt:</span> <span class='ocrx_word' id='word_1_8' title='bbox 337 149 469 174; x_wconf 79' lang='lat' dir='ltr'>Sei-aphimque</span> <span class='ocrx_word' id='word_1_9' title='bbox 479 149 536 168; x_wconf 82' lang='lat' dir='ltr'>sancti</span> <span class='ocrx_word' id='word_1_10' title='bbox 548 149 663 173; x_wconf 80' lang='lat' dir='ltr'>majestatem</span> <span class='ocrx_word' id='word_1_11' title='bbox 672 151 724 167; x_wconf 87' lang='lat' dir='ltr'>tuam</span> 
     </span>
     <span class='ocr_line' id='line_1_3' title="bbox 172 174 725 198; baseline 0 -6"><span class='ocrx_word' id='word_1_12' title='bbox 172 174 294 195; x_wconf 77' lang='lat' dir='ltr'>sanctificant,</span> <span class='ocrx_word' id='word_1_13' title='bbox 309 174 341 198; x_wconf 90' lang='lat' dir='ltr'>qui</span> <span class='ocrx_word' id='word_1_14' title='bbox 358 174 417 192; x_wconf 86' lang='lat' dir='ltr'>veloci</span> <span class='ocrx_word' id='word_1_15' title='bbox 434 177 486 192; x_wconf 88' lang='lat' dir='ltr'>motu</span> <span class='ocrx_word' id='word_1_16' title='bbox 503 174 573 192; x_wconf 85' lang='lat' dir='ltr'>alarum</span> <span class='ocrx_word' id='word_1_17' title='bbox 588 177 606 192; x_wconf 87' lang='lat' dir='ltr'>et</span> <span class='ocrx_word' id='word_1_18' title='bbox 621 180 725 198; x_wconf 84' lang='lat' dir='ltr'>pennarum</span> 
     </span>
     <span class='ocr_line' id='line_1_4' title="bbox 173 199 725 220; baseline 0 -3"><span class='ocrx_word' id='word_1_19' title='bbox 173 205 253 220; x_wconf 80' lang='lat' dir='ltr'>suarum,</span> <span class='ocrx_word' id='word_1_20' title='bbox 266 199 349 217; x_wconf 77' lang='lat' dir='ltr'><strong>volantes</strong></span> <span class='ocrx_word' id='word_1_21' title='bbox 362 199 408 217; x_wconf 79' lang='lat' dir='ltr'>alter</span> <span class='ocrx_word' id='word_1_22' title='bbox 422 199 446 217; x_wconf 82' lang='lat' dir='ltr'>ad</span> <span class='ocrx_word' id='word_1_23' title='bbox 459 199 543 220; x_wconf 76' lang='lat' dir='ltr'>alterum,</span> <span class='ocrx_word' id='word_1_24' title='bbox 557 199 643 220; x_wconf 68' lang='lat' dir='ltr'>clamant,</span> <span class='ocrx_word' id='word_1_25' title='bbox 657 199 725 217; x_wconf 71' lang='lat' dir='ltr'>vocife-</span> 
     </span>
     <span class='ocr_line' id='line_1_5' title="bbox 173 224 547 245; baseline 0.003 -4"><span class='ocrx_word' id='word_1_26' title='bbox 173 226 244 245; x_wconf 75' lang='lat' dir='ltr'>rantur,</span> <span class='ocrx_word' id='word_1_27' title='bbox 252 226 271 241; x_wconf 85' lang='lat' dir='ltr'>et</span> <span class='ocrx_word' id='word_1_28' title='bbox 280 224 348 242; x_wconf 84' lang='lat' dir='ltr'>dicunt.</span> <span class='ocrx_word' id='word_1_29' title='bbox 543 236 547 238; x_wconf 29' lang='grc' dir='ltr'><strong>Α</strong></span> 
     </span>
    </p>

    <p class='ocr_par' dir='ltr' id='par_1_3' title="bbox 199 249 571 267">
     <span class='ocr_line' id='line_1_6' title="bbox 199 249 571 267; baseline 0 -1"><span class='ocrx_word' id='word_1_30' title='bbox 199 249 287 267; x_wconf 69' lang='lat' dir='ltr'>Pornws.</span> <span class='ocrx_word' id='word_1_31' title='bbox 313 249 397 267; x_wconf 81' lang='lat' dir='ltr'>Sanctus.</span> <span class='ocrx_word' id='word_1_32' title='bbox 566 254 571 257; x_wconf 85' lang='grc'><em>·</em></span> 
     </span>
    </p>

    <p class='ocr_par' dir='ltr' id='par_1_4' title="bbox 172 273 726 465">
     <span class='ocr_line' id='line_1_7' title="bbox 199 273 725 294; baseline 0 -3"><span class='ocrx_word' id='word_1_33' title='bbox 199 273 293 291; x_wconf 70' lang='grc' dir='ltr'>ΞΑεΕκοοε</span> <span class='ocrx_word' id='word_1_34' title='bbox 307 279 419 291; x_wconf 67' lang='lat' dir='ltr'>mamm-vs.</span> <span class='ocrx_word' id='word_1_35' title='bbox 446 273 524 292; x_wconf 79' lang='lat' dir='ltr'>Sanctus</span> <span class='ocrx_word' id='word_1_36' title='bbox 536 279 561 294; x_wconf 86' lang='lat' dir='ltr'>es,</span> <span class='ocrx_word' id='word_1_37' title='bbox 574 273 659 294; x_wconf 75' lang='lat' dir='ltr'>Domine,</span> <span class='ocrx_word' id='word_1_38' title='bbox 673 273 725 291; x_wconf 90' lang='lat' dir='ltr'>Deus</span> 
     </span>
     <span class='ocr_line' id='line_1_8' title="bbox 172 298 725 322; baseline 0 -6"><span class='ocrx_word' id='word_1_39' title='bbox 172 300 245 322; x_wconf 80' lang='lat' dir='ltr'>potens,</span> <span class='ocrx_word' id='word_1_40' title='bbox 254 304 296 316; x_wconf 86' lang='lat' dir='ltr'>cum</span> <span class='ocrx_word' id='word_1_41' title='bbox 305 298 399 322; x_wconf 79' lang='lat' dir='ltr'>unigenito</span> <span class='ocrx_word' id='word_1_42' title='bbox 409 298 453 316; x_wconf 88' lang='lat' dir='ltr'>Filio</span> <span class='ocrx_word' id='word_1_43' title='bbox 462 301 501 319; x_wconf 88' lang='lat' dir='ltr'>tuo,</span> <span class='ocrx_word' id='word_1_44' title='bbox 508 300 527 316; x_wconf 89' lang='lat' dir='ltr'>et</span> <span class='ocrx_word' id='word_1_45' title='bbox 536 298 604 322; x_wconf 80' lang='lat' dir='ltr'>Spiritu</span> <span class='ocrx_word' id='word_1_46' title='bbox 612 300 645 316; x_wconf 88' lang='lat' dir='ltr'>tuo</span> <span class='ocrx_word' id='word_1_47' title='bbox 654 301 725 319; x_wconf 83' lang='lat' dir='ltr'>sancto,</span> 
     </span>
     <span class='ocr_line' id='line_1_9' title="bbox 173 322 725 347; baseline 0 -6"><span class='ocrx_word' id='word_1_48' title='bbox 173 329 211 341; x_wconf 86' lang='lat' dir='ltr'>una</span> <span class='ocrx_word' id='word_1_49' title='bbox 222 325 288 341; x_wconf 72' lang='lat' dir='ltr'>natura</span> <span class='ocrx_word' id='word_1_50' title='bbox 299 323 388 341; x_wconf 86' lang='lat' dir='ltr'>indivisa:</span> <span class='ocrx_word' id='word_1_51' title='bbox 406 323 437 347; x_wconf 89' lang='lat' dir='ltr'>qui</span> <span class='ocrx_word' id='word_1_52' title='bbox 449 326 477 341; x_wconf 89' lang='lat' dir='ltr'>est</span> <span class='ocrx_word' id='word_1_53' title='bbox 490 326 564 341; x_wconf 76' lang='lat' dir='ltr'>sanctus</span> <span class='ocrx_word' id='word_1_54' title='bbox 577 325 596 341; x_wconf 90' lang='lat' dir='ltr'>et</span> <span class='ocrx_word' id='word_1_55' title='bbox 608 322 725 341; x_wconf 72' lang='lat' dir='ltr'>sanctificans</span> 
     </span>
     <span class='ocr_line' id='line_1_10' title="bbox 174 347 724 371; baseline 0 -6"><span class='ocrx_word' id='word_1_56' title='bbox 174 348 235 365; x_wconf 79' lang='lat' dir='ltr'>omnia</span> <span class='ocrx_word' id='word_1_57' title='bbox 243 348 310 366; x_wconf 83' lang='lat' dir='ltr'>virtute</span> <span class='ocrx_word' id='word_1_58' title='bbox 319 347 417 366; x_wconf 85' lang='lat' dir='ltr'>divinitatis</span> <span class='ocrx_word' id='word_1_59' title='bbox 427 354 470 366; x_wconf 72' lang='lat' dir='ltr'>suoe.</span> <span class='ocrx_word' id='word_1_60' title='bbox 496 348 550 365; x_wconf 81' lang='lat' dir='ltr'>Pater</span> <span class='ocrx_word' id='word_1_61' title='bbox 562 348 593 371; x_wconf 92' lang='lat' dir='ltr'>qui</span> <span class='ocrx_word' id='word_1_62' title='bbox 602 348 651 366; x_wconf 86' lang='lat' dir='ltr'>misit</span> <span class='ocrx_word' id='word_1_63' title='bbox 659 348 724 365; x_wconf 79' lang='lat' dir='ltr'>Filium</span> 
     </span>
     <span class='ocr_line' id='line_1_11' title="bbox 174 372 725 396; baseline 0 -6"><span class='ocrx_word' id='word_1_64' title='bbox 174 378 227 390; x_wconf 85' lang='lat' dir='ltr'>suum</span> <span class='ocrx_word' id='word_1_65' title='bbox 237 372 261 390; x_wconf 82' lang='lat' dir='ltr'>ad</span> <span class='ocrx_word' id='word_1_66' title='bbox 270 372 347 390; x_wconf 77' lang='lat' dir='ltr'>salutern</span> <span class='ocrx_word' id='word_1_67' title='bbox 359 375 453 390; x_wconf 84' lang='lat' dir='ltr'>nostram:</span> <span class='ocrx_word' id='word_1_68' title='bbox 467 375 485 390; x_wconf 84' lang='lat' dir='ltr'>et</span> <span class='ocrx_word' id='word_1_69' title='bbox 494 372 549 391; x_wconf 82' lang='lat' dir='ltr'>Filius</span> <span class='ocrx_word' id='word_1_70' title='bbox 562 372 593 396; x_wconf 91' lang='lat' dir='ltr'>qui</span> <span class='ocrx_word' id='word_1_71' title='bbox 603 372 697 391; x_wconf 88' lang='lat' dir='ltr'>descendit</span> <span class='ocrx_word' id='word_1_72' title='bbox 706 375 725 390; x_wconf 83' lang='lat' dir='ltr'>et</span> 
     </span>
     <span class='ocr_line' id='line_1_12' title="bbox 174 397 725 421; baseline 0 -6"><span class='ocrx_word' id='word_1_73' title='bbox 174 397 280 415; x_wconf 77' lang='lat' dir='ltr'>incarnatus</span> <span class='ocrx_word' id='word_1_74' title='bbox 292 399 325 418; x_wconf 85' lang='lat' dir='ltr'>est,</span> <span class='ocrx_word' id='word_1_75' title='bbox 333 403 397 421; x_wconf 85' lang='lat' dir='ltr'>passus</span> <span class='ocrx_word' id='word_1_76' title='bbox 407 400 425 415; x_wconf 89' lang='lat' dir='ltr'>et</span> <span class='ocrx_word' id='word_1_77' title='bbox 434 397 533 415; x_wconf 73' lang='lat' dir='ltr'>crucifixus</span> <span class='ocrx_word' id='word_1_78' title='bbox 544 400 619 421; x_wconf 73' lang='lat' dir='ltr'>propter</span> <span class='ocrx_word' id='word_1_79' title='bbox 627 397 725 421; x_wconf 81' lang='lat' dir='ltr'>imaginem</span> 
     </span>
     <span class='ocr_line' id='line_1_13' title="bbox 175 421 726 446; baseline 0.002 -7"><span class='ocrx_word' id='word_1_80' title='bbox 175 428 226 440; x_wconf 83' lang='lat' dir='ltr'>suam</span> <span class='ocrx_word' id='word_1_81' title='bbox 244 428 286 445; x_wconf 78' lang='lat' dir='ltr'>quae</span> <span class='ocrx_word' id='word_1_82' title='bbox 307 425 394 446; x_wconf 80' lang='lat' dir='ltr'>corrupta</span> <span class='ocrx_word' id='word_1_83' title='bbox 413 421 485 443; x_wconf 81' lang='lat' dir='ltr'>fuerat;</span> <span class='ocrx_word' id='word_1_84' title='bbox 507 422 621 446; x_wconf 82' lang='lat' dir='ltr'>Spiritusque</span> <span class='ocrx_word' id='word_1_85' title='bbox 638 422 690 440; x_wconf 77' lang='lat' dir='ltr'>vivus</span> <span class='ocrx_word' id='word_1_86' title='bbox 707 425 726 439; x_wconf 78' lang='lat' dir='ltr'>et</span> 
     </span>
     <span class='ocr_line' id='line_1_14' title="bbox 174 446 463 465; baseline 0 -1"><span class='ocrx_word' id='word_1_87' title='bbox 174 446 290 464; x_wconf 74' lang='lat' dir='ltr'>sanctificans</span> <span class='ocrx_word' id='word_1_88' title='bbox 299 446 388 464; x_wconf 73' lang='lat' dir='ltr'>sacrificia</span> <span class='ocrx_word' id='word_1_89' title='bbox 396 446 463 465; x_wconf 88' lang='lat' dir='ltr'>divina.</span> 
     </span>
    </p>

    <p class='ocr_par' dir='ltr' id='par_1_5' title="bbox 174 471 728 717">
     <span class='ocr_line' id='line_1_15' title="bbox 201 471 727 495; baseline 0 -6"><span class='ocrx_word' id='word_1_90' title='bbox 201 471 286 489; x_wconf 64' lang='lat' dir='ltr'>Ensvms</span> <span class='ocrx_word' id='word_1_91' title='bbox 296 477 363 489; x_wconf 71' lang='lat' dir='ltr'>menn.</span> <span class='ocrx_word' id='word_1_92' title='bbox 389 472 452 491; x_wconf 86' lang='lat' dir='ltr'>Quum</span> <span class='ocrx_word' id='word_1_93' title='bbox 461 474 523 489; x_wconf 80' lang='lat' dir='ltr'>autem</span> <span class='ocrx_word' id='word_1_94' title='bbox 531 471 555 489; x_wconf 86' lang='lat' dir='ltr'>ad</span> <span class='ocrx_word' id='word_1_95' title='bbox 563 471 666 495; x_wconf 80' lang='lat' dir='ltr'>passionem</span> <span class='ocrx_word' id='word_1_96' title='bbox 679 471 727 489; x_wconf 81' lang='lat' dir='ltr'>salu-</span> 
     </span>
     <span class='ocr_line' id='line_1_16' title="bbox 174 496 725 520; baseline 0 -6"><span class='ocrx_word' id='word_1_97' title='bbox 174 498 232 514; x_wconf 86' lang='lat' dir='ltr'>tarem</span> <span class='ocrx_word' id='word_1_98' title='bbox 240 496 335 514; x_wconf 76' lang='lat' dir='ltr'>voluntate</span> <span class='ocrx_word' id='word_1_99' title='bbox 342 502 375 514; x_wconf 81' lang='lat' dir='ltr'>sua</span> <span class='ocrx_word' id='word_1_100' title='bbox 380 496 465 517; x_wconf 74' lang='lat' dir='ltr'>venisset,</span> <span class='ocrx_word' id='word_1_101' title='bbox 470 499 546 520; x_wconf 78' lang='lat' dir='ltr'>propter</span> <span class='ocrx_word' id='word_1_102' title='bbox 552 496 629 516; x_wconf 76' lang='lat' dir='ltr'>salutem</span> <span class='ocrx_word' id='word_1_103' title='bbox 636 498 725 517; x_wconf 77' lang='lat' dir='ltr'>nostram,</span> 
     </span>
     <span class='ocr_line' id='line_1_17' title="bbox 175 521 724 544; baseline 0.002 -6"><span class='ocrx_word' id='word_1_104' title='bbox 175 527 241 544; x_wconf 82' lang='lat' dir='ltr'>panem</span> <span class='ocrx_word' id='word_1_105' title='bbox 255 527 310 544; x_wconf 80' lang='lat' dir='ltr'>super</span> <span class='ocrx_word' id='word_1_106' title='bbox 324 527 389 539; x_wconf 76' lang='lat' dir='ltr'>manus</span> <span class='ocrx_word' id='word_1_107' title='bbox 405 527 446 539; x_wconf 77' lang='lat' dir='ltr'>suas</span> <span class='ocrx_word' id='word_1_108' title='bbox 461 524 539 542; x_wconf 81' lang='lat' dir='ltr'>sanctas,</span> <span class='ocrx_word' id='word_1_109' title='bbox 553 521 571 539; x_wconf 92' lang='lat' dir='ltr'>in</span> <span class='ocrx_word' id='word_1_110' title='bbox 585 521 642 539; x_wconf 82' lang='lat' dir='ltr'>oculis</span> <span class='ocrx_word' id='word_1_111' title='bbox 658 523 724 539; x_wconf 77' lang='lat' dir='ltr'>turmae</span> 
     </span>
     <span class='ocr_line' id='line_1_18' title="bbox 175 545 725 570; baseline 0 -7"><span class='ocrx_word' id='word_1_112' title='bbox 175 545 306 569; x_wconf 80' lang='lat' dir='ltr'>discipulorum</span> <span class='ocrx_word' id='word_1_113' title='bbox 326 551 401 563; x_wconf 80' lang='lat' dir='ltr'>snorum</span> <span class='ocrx_word' id='word_1_114' title='bbox 422 546 503 570; x_wconf 85' lang='lat' dir='ltr'>aceepit:</span> <span class='ocrx_word' id='word_1_115' title='bbox 525 546 597 569; x_wconf 77' lang='lat' dir='ltr'>aspexit</span> <span class='ocrx_word' id='word_1_116' title='bbox 614 546 632 563; x_wconf 91' lang='lat' dir='ltr'>in</span> <span class='ocrx_word' id='word_1_117' title='bbox 651 545 725 566; x_wconf 81' lang='lat' dir='ltr'>coelum,</span> 
     </span>
     <span class='ocr_line' id='line_1_19' title="bbox 175 570 727 594; baseline 0.002 -7"><span class='ocrx_word' id='word_1_118' title='bbox 175 570 242 593; x_wconf 76' lang='lat' dir='ltr'>gratias</span> <span class='ocrx_word' id='word_1_119' title='bbox 259 570 302 593; x_wconf 80' lang='lat' dir='ltr'>egit,</span> <span class='ocrx_word' id='word_1_120' title='bbox 318 570 336 588; x_wconf 82' lang='lat'>÷</span> <span class='ocrx_word' id='word_1_121' title='bbox 352 570 451 591; x_wconf 77' lang='lat' dir='ltr'>benedixit,</span> <span class='ocrx_word' id='word_1_122' title='bbox 466 571 485 589; x_wconf 74' lang='grc' dir='ltr'>-Ι-</span> <span class='ocrx_word' id='word_1_123' title='bbox 501 570 627 592; x_wconf 71' lang='lat' dir='ltr'>sanctificavit,</span> <span class='ocrx_word' id='word_1_124' title='bbox 640 570 659 589; x_wconf 66' lang='grc'>4-</span> <span class='ocrx_word' id='word_1_125' title='bbox 672 570 727 594; x_wconf 72' lang='lat' dir='ltr'>fregit</span> 
     </span>
     <span class='ocr_line' id='line_1_20' title="bbox 174 594 725 619; baseline 0.002 -7"><span class='ocrx_word' id='word_1_126' title='bbox 174 594 263 618; x_wconf 77' lang='lat' dir='ltr'>deditque</span> <span class='ocrx_word' id='word_1_127' title='bbox 280 594 373 619; x_wconf 80' lang='lat' dir='ltr'>Apostolis</span> <span class='ocrx_word' id='word_1_128' title='bbox 391 595 427 613; x_wconf 87' lang='lat' dir='ltr'>suis</span> <span class='ocrx_word' id='word_1_129' title='bbox 444 595 511 613; x_wconf 84' lang='lat' dir='ltr'>sanctis</span> <span class='ocrx_word' id='word_1_130' title='bbox 528 598 547 613; x_wconf 89' lang='lat' dir='ltr'>et</span> <span class='ocrx_word' id='word_1_131' title='bbox 564 595 621 613; x_wconf 83' lang='lat' dir='ltr'>dixit:</span> <span class='ocrx_word' id='word_1_132' title='bbox 643 595 725 619; x_wconf 82' lang='lat' dir='ltr'>Accipite</span> 
     </span>
     <span class='ocr_line' id='line_1_21' title="bbox 176 619 728 644; baseline 0.002 -7"><span class='ocrx_word' id='word_1_133' title='bbox 176 619 287 637; x_wconf 80' lang='lat' dir='ltr'>manducate</span> <span class='ocrx_word' id='word_1_134' title='bbox 304 625 327 637; x_wconf 86' lang='lat' dir='ltr'>ex</span> <span class='ocrx_word' id='word_1_135' title='bbox 345 626 373 638; x_wconf 83' lang='lat' dir='ltr'>eo.</span> <span class='ocrx_word' id='word_1_136' title='bbox 404 620 447 638; x_wconf 87' lang='lat' dir='ltr'>Hoc</span> <span class='ocrx_word' id='word_1_137' title='bbox 464 622 492 638; x_wconf 87' lang='lat' dir='ltr'>est</span> <span class='ocrx_word' id='word_1_138' title='bbox 509 625 576 644; x_wconf 81' lang='lat' dir='ltr'>corpus</span> <span class='ocrx_word' id='word_1_139' title='bbox 594 626 661 641; x_wconf 87' lang='lat' dir='ltr'>meum,</span> <span class='ocrx_word' id='word_1_140' title='bbox 677 620 728 643; x_wconf 84' lang='lat' dir='ltr'>quod</span> 
     </span>
     <span class='ocr_line' id='line_1_22' title="bbox 176 644 727 669; baseline 0.002 -7"><span class='ocrx_word' id='word_1_141' title='bbox 176 650 209 668; x_wconf 86' lang='lat' dir='ltr'>pro</span> <span class='ocrx_word' id='word_1_142' title='bbox 218 644 275 665; x_wconf 86' lang='lat' dir='ltr'>vobis,</span> <span class='ocrx_word' id='word_1_143' title='bbox 282 646 301 662; x_wconf 89' lang='lat' dir='ltr'>et</span> <span class='ocrx_word' id='word_1_144' title='bbox 309 650 343 668; x_wconf 79' lang='lat' dir='ltr'>pro</span> <span class='ocrx_word' id='word_1_145' title='bbox 353 644 438 663; x_wconf 86' lang='lat' dir='ltr'>omnibus</span> <span class='ocrx_word' id='word_1_146' title='bbox 446 644 465 662; x_wconf 93' lang='lat' dir='ltr'>in</span> <span class='ocrx_word' id='word_1_147' title='bbox 473 651 503 662; x_wconf 87' lang='lat' dir='ltr'>me</span> <span class='ocrx_word' id='word_1_148' title='bbox 513 644 629 663; x_wconf 76' lang='lat' dir='ltr'>credentibus</span> <span class='ocrx_word' id='word_1_149' title='bbox 637 644 727 669; x_wconf 76' lang='lat' dir='ltr'>frangitur</span> 
     </span>
     <span class='ocr_line' id='line_1_23' title="bbox 176 669 725 693; baseline 0 -6"><span class='ocrx_word' id='word_1_150' title='bbox 176 671 195 687; x_wconf 82' lang='lat' dir='ltr'>et</span> <span class='ocrx_word' id='word_1_151' title='bbox 206 669 297 690; x_wconf 75' lang='lat' dir='ltr'>dividitur,</span> <span class='ocrx_word' id='word_1_152' title='bbox 306 669 329 687; x_wconf 82' lang='lat' dir='ltr'>ad</span> <span class='ocrx_word' id='word_1_153' title='bbox 341 669 466 693; x_wconf 66' lang='lat' dir='ltr'>expiationem</span> <span class='ocrx_word' id='word_1_154' title='bbox 477 669 592 691; x_wconf 82' lang='lat' dir='ltr'>delictorum,</span> <span class='ocrx_word' id='word_1_155' title='bbox 601 669 725 687; x_wconf 83' lang='lat' dir='ltr'>remissionem</span> 
     </span>
     <span class='ocr_line' id='line_1_24' title="bbox 177 694 588 717; baseline 0.002 -6"><span class='ocrx_word' id='word_1_156' title='bbox 177 696 295 717; x_wconf 76' lang='lat' dir='ltr'>peccatorum</span> <span class='ocrx_word' id='word_1_157' title='bbox 305 696 323 711; x_wconf 82' lang='lat' dir='ltr'>et</span> <span class='ocrx_word' id='word_1_158' title='bbox 332 694 388 712; x_wconf 81' lang='lat' dir='ltr'>vitam</span> <span class='ocrx_word' id='word_1_159' title='bbox 396 694 478 712; x_wconf 83' lang='lat' dir='ltr'>futuram</span> <span class='ocrx_word' id='word_1_160' title='bbox 487 694 505 712; x_wconf 86' lang='lat' dir='ltr'>in</span> <span class='ocrx_word' id='word_1_161' title='bbox 515 694 588 712; x_wconf 81' lang='lat' dir='ltr'>saecula.</span> 
     </span>
    </p>

    <p class='ocr_par' dir='ltr' id='par_1_6' title="bbox 203 718 381 737">
     <span class='ocr_line' id='line_1_25' title="bbox 203 718 381 737; baseline 0.006 -1"><span class='ocrx_word' id='word_1_162' title='bbox 203 718 291 736; x_wconf 73' lang='lat' dir='ltr'>an‘mus.</span> <span class='ocrx_word' id='word_1_163' title='bbox 316 719 381 737; x_wconf 84' lang='lat' dir='ltr'>Amen.</span> 
     </span>
    </p>

    <p class='ocr_par' dir='ltr' id='par_1_7' title="bbox 176 743 728 935">
     <span class='ocr_line' id='line_1_26' title="bbox 202 743 727 768; baseline 0.002 -7"><span class='ocrx_word' id='word_1_164' title='bbox 202 743 301 761; x_wconf 53' lang='lat' dir='ltr'>Summos.</span> <span class='ocrx_word' id='word_1_165' title='bbox 328 743 352 761; x_wconf 87' lang='lat' dir='ltr'>Et</span> <span class='ocrx_word' id='word_1_166' title='bbox 364 746 406 767; x_wconf 87' lang='lat' dir='ltr'>post</span> <span class='ocrx_word' id='word_1_167' title='bbox 418 749 490 762; x_wconf 81' lang='lat' dir='ltr'>coenam</span> <span class='ocrx_word' id='word_1_168' title='bbox 502 750 553 762; x_wconf 78' lang='lat' dir='ltr'>suam</span> <span class='ocrx_word' id='word_1_169' title='bbox 566 743 615 762; x_wconf 78' lang='lat' dir='ltr'>inam</span> <span class='ocrx_word' id='word_1_170' title='bbox 625 744 727 768; x_wconf 77' lang='lat' dir='ltr'>mysticam,</span> 
     </span>
     <span class='ocr_line' id='line_1_27' title="bbox 176 768 727 793; baseline 0.002 -8"><span class='ocrx_word' id='word_1_171' title='bbox 176 768 230 786; x_wconf 84' lang='lat' dir='ltr'>etiam</span> <span class='ocrx_word' id='word_1_172' title='bbox 240 774 263 786; x_wconf 89' lang='lat' dir='ltr'>ex</span> <span class='ocrx_word' id='word_1_173' title='bbox 273 768 315 786; x_wconf 89' lang='lat' dir='ltr'>vino</span> <span class='ocrx_word' id='word_1_174' title='bbox 324 771 342 786; x_wconf 83' lang='lat' dir='ltr'>et</span> <span class='ocrx_word' id='word_1_175' title='bbox 351 774 400 792; x_wconf 84' lang='lat' dir='ltr'>aqua</span> <span class='ocrx_word' id='word_1_176' title='bbox 409 769 479 792; x_wconf 78' lang='lat' dir='ltr'>aceepit</span> <span class='ocrx_word' id='word_1_177' title='bbox 488 769 570 790; x_wconf 75' lang='lat' dir='ltr'>caheem,</span> <span class='ocrx_word' id='word_1_178' title='bbox 576 769 681 793; x_wconf 83' lang='lat' dir='ltr'>gratiasque</span> <span class='ocrx_word' id='word_1_179' title='bbox 689 769 727 792; x_wconf 83' lang='lat' dir='ltr'>egit</span> 
     </span>
     <span class='ocr_line' id='line_1_28' title="bbox 177 793 728 816; baseline 0.002 -6"><span class='ocrx_word' id='word_1_180' title='bbox 177 798 232 816; x_wconf 78' lang='lat' dir='ltr'>supei</span> <span class='ocrx_word' id='word_1_181' title='bbox 243 793 301 814; x_wconf 86' lang='lat' dir='ltr'>illum,</span> <span class='ocrx_word' id='word_1_182' title='bbox 310 793 329 811; x_wconf 83' lang='lat'>÷</span> <span class='ocrx_word' id='word_1_183' title='bbox 340 793 440 815; x_wconf 81' lang='lat' dir='ltr'>benedixit,</span> <span class='ocrx_word' id='word_1_184' title='bbox 452 793 470 812; x_wconf 68' lang='lat' dir='ltr'>-i-</span> <span class='ocrx_word' id='word_1_185' title='bbox 483 793 609 815; x_wconf 73' lang='lat' dir='ltr'>sanctificavit,</span> <span class='ocrx_word' id='word_1_186' title='bbox 619 794 637 812; x_wconf 74' lang='grc' dir='ltr'>-Ι-</span> <span class='ocrx_word' id='word_1_187' title='bbox 647 796 665 811; x_wconf 85' lang='lat' dir='ltr'>et</span> <span class='ocrx_word' id='word_1_188' title='bbox 677 793 728 811; x_wconf 85' lang='lat' dir='ltr'>dedit</span> 
     </span>
     <span class='ocr_line' id='line_1_29' title="bbox 177 817 728 846; baseline 0.004 -12"><span class='ocrx_word' id='word_1_189' title='bbox 177 820 243 835; x_wconf 81' lang='lat' dir='ltr'>turmae</span> <span class='ocrx_word' id='word_1_190' title='bbox 258 817 389 846; x_wconf 81' lang='lat' dir='ltr'>Apostolorum</span> <span class='ocrx_word' id='word_1_191' title='bbox 404 824 479 836; x_wconf 88' lang='lat' dir='ltr'>suorum</span> <span class='ocrx_word' id='word_1_192' title='bbox 493 820 512 836; x_wconf 91' lang='lat' dir='ltr'>et</span> <span class='ocrx_word' id='word_1_193' title='bbox 527 818 572 836; x_wconf 87' lang='lat' dir='ltr'>dixit</span> <span class='ocrx_word' id='word_1_194' title='bbox 586 818 631 836; x_wconf 81' lang='lat' dir='ltr'>illis:</span> <span class='ocrx_word' id='word_1_195' title='bbox 650 818 686 836; x_wconf 85' lang='lat' dir='ltr'>Hic</span> <span class='ocrx_word' id='word_1_196' title='bbox 700 820 728 836; x_wconf 88' lang='lat' dir='ltr'>est</span> 
     </span>
     <span class='ocr_line' id='line_1_30' title="bbox 177 841 728 871; baseline 0.002 -12"><span class='ocrx_word' id='word_1_197' title='bbox 177 841 225 859; x_wconf 78' lang='lat' dir='ltr'>calix</span> <span class='ocrx_word' id='word_1_198' title='bbox 237 842 329 865; x_wconf 79' lang='lat' dir='ltr'>sanguinis</span> <span class='ocrx_word' id='word_1_199' title='bbox 342 842 383 863; x_wconf 87' lang='lat' dir='ltr'>mei,</span> <span class='ocrx_word' id='word_1_200' title='bbox 393 842 441 861; x_wconf 90' lang='lat' dir='ltr'>Novi</span> <span class='ocrx_word' id='word_1_201' title='bbox 453 843 572 864; x_wconf 84' lang='lat' dir='ltr'>Testamenti,</span> <span class='ocrx_word' id='word_1_202' title='bbox 581 843 663 871; x_wconf 80' lang='lat' dir='ltr'>accipite,</span> <span class='ocrx_word' id='word_1_203' title='bbox 672 843 728 860; x_wconf 87' lang='lat' dir='ltr'>bibite</span> 
     </span>
     <span class='ocr_line' id='line_1_31' title="bbox 177 866 728 891; baseline 0.004 -8"><span class='ocrx_word' id='word_1_204' title='bbox 177 872 201 884; x_wconf 83' lang='lat' dir='ltr'>ex</span> <span class='ocrx_word' id='word_1_205' title='bbox 218 872 240 884; x_wconf 85' lang='lat' dir='ltr'>eo</span> <span class='ocrx_word' id='word_1_206' title='bbox 257 872 333 884; x_wconf 86' lang='lat' dir='ltr'>onmes.</span> <span class='ocrx_word' id='word_1_207' title='bbox 353 867 386 884; x_wconf 82' lang='lat' dir='ltr'>iste</span> <span class='ocrx_word' id='word_1_208' title='bbox 403 866 504 885; x_wconf 79' lang='lat' dir='ltr'>effunditur</span> <span class='ocrx_word' id='word_1_209' title='bbox 519 874 553 891; x_wconf 86' lang='lat' dir='ltr'>pro</span> <span class='ocrx_word' id='word_1_210' title='bbox 568 867 605 886; x_wconf 87' lang='lat' dir='ltr'>vita</span> <span class='ocrx_word' id='word_1_211' title='bbox 619 868 689 889; x_wconf 85' lang='lat' dir='ltr'>mundi,</span> <span class='ocrx_word' id='word_1_212' title='bbox 704 868 728 885; x_wconf 86' lang='lat' dir='ltr'>ad</span> 
     </span>
     <span class='ocr_line' id='line_1_32' title="bbox 178 891 728 916; baseline 0.004 -8"><span class='ocrx_word' id='word_1_213' title='bbox 178 891 301 914; x_wconf 79' lang='lat' dir='ltr'>expiationem</span> <span class='ocrx_word' id='word_1_214' title='bbox 323 891 438 913; x_wconf 85' lang='lat' dir='ltr'>delictorum,</span> <span class='ocrx_word' id='word_1_215' title='bbox 457 892 582 910; x_wconf 78' lang='lat' dir='ltr'>remissionem</span> <span class='ocrx_word' id='word_1_216' title='bbox 604 895 728 916; x_wconf 83' lang='lat' dir='ltr'>peccatorum,</span> 
     </span>
     <span class='ocr_line' id='line_1_33' title="bbox 178 916 680 935; baseline 0.004 -2"><span class='ocrx_word' id='word_1_217' title='bbox 178 916 262 934; x_wconf 85' lang='lat' dir='ltr'>omnibus</span> <span class='ocrx_word' id='word_1_218' title='bbox 271 916 289 933; x_wconf 89' lang='lat' dir='ltr'>in</span> <span class='ocrx_word' id='word_1_219' title='bbox 299 922 328 933; x_wconf 90' lang='lat' dir='ltr'>me</span> <span class='ocrx_word' id='word_1_220' title='bbox 337 916 465 934; x_wconf 86' lang='lat' dir='ltr'>credentibus</span> <span class='ocrx_word' id='word_1_221' title='bbox 460 922 478 934; x_wconf 88' lang='lat' dir='ltr'>m</span> <span class='ocrx_word' id='word_1_222' title='bbox 488 917 556 935; x_wconf 77' lang='lat' dir='ltr'>saecula</span> <span class='ocrx_word' id='word_1_223' title='bbox 565 917 680 935; x_wconf 86' lang='lat' dir='ltr'>saeculorum.</span> 
     </span>
    </p>

    <p class='ocr_par' dir='ltr' id='par_1_8' title="bbox 203 940 380 959">
     <span class='ocr_line' id='line_1_34' title="bbox 203 940 380 959; baseline 0.006 -1"><span class='ocrx_word' id='word_1_224' title='bbox 203 940 290 959; x_wconf 58' lang='lat' dir='ltr'>Pon-us.</span> <span class='ocrx_word' id='word_1_225' title='bbox 316 941 380 959; x_wconf 80' lang='lat' dir='ltr'>Amen.</span> 
     </span>
    </p>

    <p class='ocr_par' dir='ltr' id='par_1_9' title="bbox 178 965 729 1014">
     <span class='ocr_line' id='line_1_35' title="bbox 203 965 729 985; baseline 0.004 -2"><span class='ocrx_word' id='word_1_226' title='bbox 203 965 302 984; x_wconf 70' lang='lat' dir='ltr'>SAcmmos.</span> <span class='ocrx_word' id='word_1_227' title='bbox 328 965 358 984; x_wconf 80' lang='lat' dir='ltr'>Ita</span> <span class='ocrx_word' id='word_1_228' title='bbox 376 965 446 984; x_wconf 72' lang='lat' dir='ltr'>facietis</span> <span class='ocrx_word' id='word_1_229' title='bbox 465 966 483 984; x_wconf 86' lang='lat' dir='ltr'>in</span> <span class='ocrx_word' id='word_1_230' title='bbox 503 973 563 985; x_wconf 81' lang='lat' dir='ltr'>meam</span> <span class='ocrx_word' id='word_1_231' title='bbox 583 967 729 985; x_wconf 57' lang='lat' dir='ltr'>commemorati&gt;</span> 
     </span>
     <span class='ocr_line' id='line_1_36' title="bbox 178 990 728 1014; baseline 0.005 -7"><span class='ocrx_word' id='word_1_232' title='bbox 178 996 242 1008; x_wconf 79' lang='lat' dir='ltr'>onem:</span> <span class='ocrx_word' id='word_1_233' title='bbox 250 990 402 1014; x_wconf 76' lang='lat' dir='ltr'>quotiescumque</span> <span class='ocrx_word' id='word_1_234' title='bbox 406 991 454 1009; x_wconf 87' lang='lat' dir='ltr'>enim</span> <span class='ocrx_word' id='word_1_235' title='bbox 458 992 591 1010; x_wconf 76' lang='lat' dir='ltr'>manducabitis</span> <span class='ocrx_word' id='word_1_236' title='bbox 595 994 728 1010; x_wconf 75' lang='lat' dir='ltr'>sacramentum</span> 
     </span>
    </p>
   </div>
  </div>
 </body>
</html>
