806 1298
201 114 244 126 xxx.
258 109 349 134 ervimu
363 109 381 127 S.
395 109 494 127 Murum.
519 106 522 109 ’
588 110 625 128 603

75 159 160 177 rogemus
171 154 315 178 omnipotentem
325 154 385 172 Deum
397 155 470 172 Patrem
480 155 554 173 Domini
563 158 582 173 et
590 155 625 173 Dei

74 184 96 196 ac
117 178 215 196 Salvatoris
236 179 293 196 nostri
315 179 360 197 Jesu
381 179 454 197 Christi.
480 179 585 199 Quaerimus
607 182 626 198 et

74 209 161 227 rogamus
172 209 184 221 a
195 203 277 221 bonitate
288 206 331 225 tua;
350 203 367 221 Ο
378 206 450 222 amator
461 203 563 222 hominum.
589 204 623 222 Re-

74 227 151 245 cordare
161 228 239 246 Domine
248 228 395 252 congregationis
405 231 479 249 nostrae,
488 231 507 246 et
516 229 594 247 benedic
603 229 624 247 ei.

100 252 194 270 Dmcouvs
204 258 263 270 mcrr:
277 253 333 270 Orate
344 258 378 276 pro
390 253 425 271 luw
434 253 517 271 Ecclesia
528 255 598 275 sancta,
606 256 625 272 et

74 279 137 294 nostra
145 277 288 301 congregatione
297 283 339 300 quae
348 277 366 295 in
375 283 397 295 ea
405 279 438 295 est.
504 295 506 297 .
624 276 626 280 ’

100 301 182 319 Porunus
195 307 256 319 meir:
274 302 355 320 Benedic
369 302 506 326 congregationi
519 304 594 324 nostrae,
607 304 626 320 et

75 325 147 343 custodi
156 332 197 343 eam
206 326 224 344 in
233 332 284 349 pace.

100 350 194 368 D1AO0Nus
211 356 272 368 meir:
295 350 317 368 In
338 350 426 374 sapientia
444 351 517 369 Domini
535 351 589 370 dicite
606 354 625 370 et

75 375 135 393 canite
144 375 245 392 orationem
254 374 303 393 fidei.

100 399 183 417 Pervius
200 405 260 417 mcxr:
281 399 341 417 Credo
358 399 376 417 in
393 405 452 417 uuum
469 400 535 421 Deum,
551 401 625 419 Patrem

75 424 227 447 omnipotentem,
244 423 334 442 factorem
354 423 395 442 c'oeli
413 426 432 442 et
451 426 511 446 terrae,
529 425 625 443 visibilium

75 448 157 466 omnium
178 450 196 466 et
216 448 337 466 invisibilium.
363 449 388 466 Et
408 449 426 466 in
447 455 504 467 unum
525 449 625 468 Dominum

74 473 138 491 Jesum
159 473 259 493 Christum,
277 473 342 490 Filium
362 473 396 490 Dei
416 473 543 497 unigenitum;
565 477 584 492 et
601 480 625 492 ex

75 497 129 515 Patre
146 499 210 515 natum
227 499 271 515 ante
288 497 350 515 omnia
367 497 441 518 saecula,
459 498 519 516 Deum
536 498 559 516 de
577 499 624 519 Deo,

74 521 136 539 lumen
150 522 173 540 de
184 521 259 543 lumine,
269 522 329 539 Deum
340 528 404 540 verum
414 522 437 541 de
448 522 488 540 Deo
501 528 557 544 veroz
575 524 625 547 geni-

74 548 114 564 tum
127 552 165 564 non
178 546 255 567 factum,
268 546 443 564 consubstantialem
456 547 511 568 Patri,
523 553 556 571 per
569 553 624 571 quem

75 571 138 588 omnia
153 570 203 589 facta
223 573 271 589 sunt.
298 571 334 591 Qui
354 573 430 595 propter
446 577 480 589 nos
499 571 589 593 homines,
607 574 626 590 et

74 598 151 619 propter
162 597 244 613 nostram
256 595 334 613 salutem
345 595 439 613 descendit
449 595 471 613 de
480 596 535 614 coelis.
563 597 587 614 Et
598 597 625 614 in-

75 622 160 638 carnatus
172 622 200 638 est
211 620 234 638 de
246 620 315 644 Spiritu
328 622 398 641 sancto,
410 626 433 638 ex
446 620 506 638 Maria
518 621 593 644 virgine,
605 624 626 639 et

74 644 131 663 homo
145 644 205 664 factus
220 646 252 662 est.
279 644 383 662 Crucifixus
398 644 453 663 etiam
470 644 504 669 pro
520 645 573 664 nobis
590 646 624 664 sub

74 669 141 687 Pontio
153 669 219 690 Pilato,
230 675 294 693 passus
306 671 325 687 et
336 669 419 692 sepultus
431 671 463 687 est.
490 670 514 687 Et
526 671 625 688 resurrexit

75 694 129 711 tertia
151 694 186 715 die,
205 694 306 711 secundum
326 693 434 717 Scripturas.
460 694 485 712 Et
504 695 585 713 ascendit
607 695 624 713 in

75 718 149 739 coelum,
158 718 209 736 sedet
218 718 242 736 ad
252 718 347 736 dexteram
356 718 419 736 Patn's.
445 719 470 736 Et
482 719 548 737 iterum
561 722 625 737 ventu—

74 748 106 761 rus
115 745 142 761 est
154 749 196 761 cum
208 743 266 767 gloria
275 742 358 766 judicare
367 742 418 760 vivos
430 746 449 761 et
460 746 555 762 mortuos:
573 744 625 767 cujus

75 768 126 791 regni
131 773 169 785 non
175 767 209 785 erit
213 767 260 785 finis.
287 767 311 784 Et
317 767 335 785 in
340 767 427 791 Spiritum
433 770 517 785 sanctum
525 768 625 786 Dominum

75 793 94 809 et
106 792 235 813 vivificantem,
243 792 275 815 qui
284 797 307 809 ex
320 792 374 809 Patre
386 792 468 815 Filioque
480 793 575 816 procedit:
594 793 625 817 qui

75 822 118 834 cum
127 817 181 834 Patre
190 819 209 834 et
221 816 266 834 Filio
279 816 332 834 simul
344 816 431 834 adoratur
440 819 459 834 et
470 817 624 841 conglorificatur.

76 841 112 861 Qui
121 841 209 864 loquutus
221 843 249 859 est
260 846 293 867 per
305 840 412 865 Prophetas.
438 841 463 859 Et
475 847 530 860 unam
542 844 625 860 sanctam

76 865 196 887 Catholicam,
213 868 232 883 et
248 865 373 889 Apostolicam
391 865 498 885 Ecclesiam.
530 866 625 885 Confiteor

75 896 133 908 unum
155 890 249 914 Baptisma
268 890 285 907 in
306 890 429 909 remissionem
451 893 570 914 peccatorum
580 898 584 909 :
606 894 624 909 et

75 917 154 938 expecto
166 915 317 933 resurrectionem
330 916 450 934 mortuorum.
477 916 501 933 Et
513 916 569 934 vitam
580 921 625 934 ven-

75 939 110 958 turi
120 939 187 957 saeculi.
214 939 278 957 Amen.

99 964 193 982 SACERDns
203 970 256 982 mcrr.
283 964 318 982 Fac
328 969 359 981 eos
368 966 389 982 ut
398 964 434 982 sint
443 965 475 983 tibi
485 965 523 982 sine
532 965 625 986 divisione,

75 991 93 1009 et
106 988 144 1009 sine
156 988 228 1014 pigritia
239 988 308 1010 faciam,
319 988 434 1010 voluntatem
447 991 498 1007 tuam
511 991 593 1007 sanctam
605 992 624 1007 et
