806 1298
250 115 297 127 xvm.
308 110 390 127 Ermum
401 111 458 127 Pmu.
594 111 625 127 507

75 153 103 171 vir
112 155 173 171 tantus
182 155 201 171 et
210 153 287 171 dilectus
299 153 383 172 omnibus
393 153 459 175 modis,
467 159 506 172 non
517 153 559 172 dieo
570 153 626 172 fueris

72 178 150 202 junctus
163 178 196 196 sed
209 178 311 196 necessario
325 178 405 197 mixtus:
423 181 466 202 apte
479 181 542 197 actum
555 179 590 196 erit
602 178 626 196 de

75 203 146 221 Seneca
155 205 193 221 tuo.
219 202 282 223 Quum
291 203 315 221 sis
323 203 378 227 igitur
386 206 456 225 vertex,
465 205 484 221 et
495 203 625 221 altissimorum

75 228 159 246 omnium
173 227 264 245 montium
280 234 374 249 cacumen,
391 228 441 246 haud
458 230 477 246 te
493 228 589 252 indignum
605 228 625 246 in

75 253 134 276 prima
151 251 198 270 facie
215 252 333 276 epistolarum
351 253 484 271 nominandum
503 259 583 274 censeas,
601 259 624 271 ne

75 280 113 295 tam
132 279 210 298 tentare,
227 283 282 301 quam
299 277 362 296 ludere
381 278 464 299 videaris,
481 278 549 302 quippe
566 283 624 302 quum

75 302 127 323 scias,
137 302 195 320 civem
204 308 243 320 esse
252 305 271 320 te
280 302 391 321 Romanum.
417 302 465 321 Nam
475 303 506 327 qui
515 308 573 324 meus,
581 305 624 321 tuus

75 327 124 351 apud
133 329 152 345 te
164 327 221 349 locus,
231 327 262 351 qui
274 330 322 349 tuus,
332 328 385 346 velim
395 330 416 346 ut
424 334 481 346 meus.
507 327 558 349 Vale,
567 327 624 346 Paule

74 352 183 370 charissime.
209 352 258 370 Data.
266 352 284 370 X
293 352 332 370 Cal.
341 352 413 376 Aprili-3,
422 353 528 377 Aproniano
540 355 559 371 et
571 353 624 376 Capi-

74 379 119 395 tone
129 377 245 395 Consulibus.

173 424 200 442 12.
214 423 272 442 Paulo
281 424 359 442 Annaeus
368 424 434 442 Seneca
443 424 527 442 Salutem.

99 452 144 473 Ave,
153 452 178 470 mi
187 452 244 470 Paulo
253 452 363 470 charissime.
388 453 468 471 Putasne
480 459 509 471 me
522 452 572 471 haud
580 458 624 471 con-

73 477 147 499 tristari,
159 479 178 495 et
190 483 228 495 non
242 477 346 495 luctuosum
360 483 405 499 esse,
418 478 469 501 quod
481 477 503 496 de
517 478 624 496 innocentia

73 504 135 520 vestra
151 502 228 520 subinde
244 504 327 520 sumatur
343 502 466 526 supplicium?
484 502 555 520 Dehinc
573 502 623 526 quod

74 529 113 545 tam
120 526 210 545 obnoxios
217 533 250 545 vos
256 527 315 545 reatui
323 527 382 545 omnis
388 527 467 552 populus
473 527 550 551 judicet,
557 530 624 551 putans

74 558 85 570 a
101 551 152 569 vobis
169 551 224 573 effici,
240 551 291 576 quod
305 552 324 570 in
341 552 386 570 urbe
403 552 514 570 contrarium
530 552 567 570 fit?
587 552 623 570 Sed

72 576 154 594 feramus
163 582 217 600 aequo
229 577 296 598 animo,
304 579 325 594 ut
334 580 408 595 utamur
417 576 459 595 foro
470 577 520 601 quod
530 583 570 595 sors
580 583 624 595 con-

74 601 134 623 cessit,
150 601 209 619 donec
222 601 290 619 invicta
304 601 381 620 felicitas
394 601 451 620 finem
466 602 518 620 malis
534 602 622 626 imponat„

73 626 124 644 Tulit
136 628 155 644 et
166 626 268 651 priscorum
280 629 324 644 aetas
338 627 461 645 Macedonem
474 626 520 645 Phili
533 627 552 651 pi
564 626 622 645 fllium

73 654 92 669 et
111 651 230 676 Dionysium:
253 654 317 669 nostra
337 658 411 676 quoque
432 652 496 670 Caium
533 658 608 670 aesarem
617 658 621 670 :

73 676 237 700 quibus‚quicquid
242 676 300 697 libuit,
305 676 361 694 licuit.
375 677 483 695 Incendium
489 677 533 694 urbs
539 677 622 695 Rau-nana

72 701 122 719 unde
137 707 187 725 saepe
200 701 286 725 patiatur,
299 701 394 719 manifeste
407 704 485 723 cunstat,
497 701 529 720 sed
542 701 556 719 si
568 701 620 720 effari

72 726 165 744 humilitas
174 725 255 744 humana
263 726 358 750 potuisset,
365 726 409 750 quid
418 732 478 744 causae
486 727 515 748 sit,
521 729 541 744 et
547 726 621 750 impune

72 751 92 769 in
104 750 132 769 his
143 750 222 769 tenebris
234 750 285 775 loqui
296 751 364 772 liceret,
373 751 412 775 jam
425 757 489 769 ornnes
501 751 563 769 omnia
574 751 622 769 vide-

72 778 119 794 rent.
145 775 243 794 Christiani
249 779 268 793 et
275 775 335 794 Judaei
342 776 393 799 quasi
400 776 534 794 machinatores
543 776 621 794 incendii

71 800 162 825 supplicio
178 800 227 818 affici
240 800 306 818 solent.
332 801 429 819 Grassator
444 801 477 819 iste
493 801 575 825 quisquis
588 804 622 822 est,

72 826 102 843 cui
116 825 200 849 voluptas
212 825 317 843 carnificina
328 828 362 847 est,
373 828 392 843 et
404 825 520 844 mendacium
532 826 621 847 velamen,

72 850 151 874 tempori
162 856 196 868 suo
207 850 309 868 destinatus
321 853 354 872 est,
367 852 385 868 et
397 850 444 868 sicut
455 850 518 875 optimi
532 850 584 875 cujus
598 857 621 869 ue

72 877 129 899 caput
140 881 174 899 pro
186 881 224 893 uno
237 875 317 893 donatur
330 875 395 899 capite,
404 875 430 893 ita
442 881 500 893 unum
513 881 547 899 pro
559 881 591 893 mu
599 876 621 894 tis

72 900 145 918 dabitur
156 902 212 924 caput
225 903 243 918 et
255 900 284 918 hic
298 899 375 918 devotus
388 906 422 924 pro
435 900 520 918 omnibus
532 900 569 924 igni
582 906 621 918 cre-

72 924 152 942 mabitur
160 931 164 942 :
178 927 252 942 centum
261 924 335 948 triginta
343 925 385 943 duae
394 925 460 943 domus
468 925 532 943 insulae
542 927 622 948 quatuor

72 955 106 967 sex
115 949 178 967 diebus
190 955 262 967 arsere:
276 950 364 973 septimus
376 956 451 973 pausam
463 949 518 968 dedit.
544 950 594 968 Bene
603 952 622 968 te

73 974 134 993 valere
146 977 196 998 opto.
224 974 272 992 Data
283 974 347 998 quinto
357 974 395 993 Cal.
405 975 463 999 April.
473 975 527 999 Frugi
536 977 554 993 et
565 975 621 993 Basso

74 999 190 1017 Consulibus.
