806 1298
153 100 186 115 4⁹6
265 99 318 115 Comsx
330 99 437 115 Apovnvvuus
446 98 488 115 Novi
499 98 605 114 Turinum-1.

179 141 247 159 interro
262 147 272 159 o
283 147 312 159 res
326 141 374 159 onde
385 140 445 159 mihi.”
462 140 525 158 Simon
532 140 584 161 dixit,
595 142 606 150 ‘⁴
614 139 665 158 Nihil
671 139 705 158 tibi

179 172 246 190 respon
260 166 298 184 eof
323 169 416 190 mperator
425 165 476 186 dixit,
485 165 548 183 “Ideo
556 165 592 183 hoc
601 165 652 186 dicis,
661 165 706 188 quia

179 190 276 208 mentiris.”
302 191 326 208 Et
335 191 349 208 si
359 196 393 214 ego
402 190 433 208 tibi
443 190 486 208 nihil
492 196 567 214 possum
574 189 640 211 facere,
648 190 706 210 Deus,

179 215 211 239 qui
223 218 290 239 potens
303 218 330 233 est
343 215 413 233 faciet.”
439 215 501 233 Simon
521 215 572 236 dixit,
592 214 651 232 “Jam
671 214 705 232 tibi

168 243 174 251 ⁴
182 246 303 264 responsurus
310 246 348 258 non
357 241 413 258 suml*
439 240 543 264 Imperator
548 240 600 261 dixit,
609 242 620 249 ‘¹
627 239 664 257 Sed
670 245 706 257 nec

181 271 216 289 ego
229 267 248 283 te
255 268 361 289 computem
370 265 445 289 aliquid,
455 269 476 283 ut
485 265 535 283 enim
544 265 609 285 sentio,
617 264 677 282 fallax
685 270 706 281 es

180 290 198 307 in
208 290 302 311 omnibus;
317 290 348 308 sed
362 290 407 314 quid
420 289 486 314 plura?
500 296 533 308 vos
546 290 580 307 toti
593 292 630 307 tres
641 289 706 307 incon-

180 314 279 332 stabilitum
293 315 374 333 animum
388 318 468 332 vestrum
482 314 592 335 ostendistis,
605 316 624 332 et
636 320 666 331 me
679 314 706 331 ita

181 339 256 357 dubium
270 339 288 357 in
302 339 386 357 omnibus
399 339 473 360 fecistis,
487 342 507 357 ut
520 345 557 357 non
571 339 662 357 inveniam
675 338 705 356 cui

162 367 174 374 ¹¹¹
182 364 256 382 credere
265 364 348 388 possimJ’
373 364 402 382 Ad
412 364 451 382 haec
461 364 525 382 Petrus
533 364 634 388 respoudit,
647 366 657 373 “
664 363 706 387 Ego

181 389 255 407 natione
278 388 355 407 Judaeus
373 395 420 410 sum,
437 392 456 407 et
472 395 514 413 quae
532 395 543 406 a
560 388 646 412 magistro
662 394 705 406 meo

181 413 248 435 audivi,
256 413 297 431 haec
306 414 368 431 omnia
380 414 467 438 praedico,
480 416 500 432 ut
513 414 591 432 credatis
600 419 657 431 unum
666 419 706 431 esse

182 439 242 456 Deum
255 439 328 456 Patrem
342 438 456 460 invisibilem,
470 441 489 457 et
497 438 706 462 incomprehensibilem,

182 465 201 481 et
209 463 325 485 immensum,
339 466 358 481 et
372 469 430 482 unum
441 464 540 482 Dominum
549 466 631 481 nostrum
641 463 706 481 Jesum

164 490 175 498 ¹·
182 488 274 506 Christum
282 488 401 510 Salvatorem,
411 491 430 506 et
437 489 543 507 Creatorem
550 488 630 506 omnium
638 494 706 506 rerum.

180 513 316 531 Adnuntiamus
328 514 391 537 generi
405 513 492 535 humano,
505 513 536 537 qui
552 512 595 531 fecit
603 513 678 534 coelum,
687 515 706 530 et

182 540 256 559 terram,
269 543 325 559 mare,
338 540 357 556 et
370 538 432 556 omnia
440 544 482 562 quae
491 538 509 556 in
519 538 544 556 eis
553 540 602 559 suut,
612 538 642 561 qni
651 543 705 555 verus

181 568 214 580 rex
226 565 260 583 est,
272 565 291 580 et
302 563 354 586 regni
367 563 406 586 ejus
420 569 457 581 non
471 563 505 581 erit
517 562 574 581 finis?
600 563 624 581 Et
638 562 706 580 Paulus

182 587 235 608 dixit,
250 589 260 597 “
267 587 314 607 Quae
328 587 396 609 retulit,
410 590 429 606 et
444 594 478 612 ego
488 587 569 606 similiter
578 587 675 609 confiteor,
684 593 706 605 eo

164 614 176 622 ¹⁰
184 612 235 636 quod
241 618 278 630 non
288 612 311 630 sit
320 618 353 636 per
359 612 414 630 alium
424 612 479 634 salus,
488 612 521 631 nisi
528 619 561 637 per
567 612 630 631 Jesum
638 612 708 630 Christ-

183 637 230 655 um.”
256 637 359 661 Imperator
372 637 424 659 dixit,
438 638 502 658 “Quis
515 640 543 656 est
557 643 589 656 rex
599 637 682 655 Christus
691 638 706 655 7”

184 662 252 680 Paulus
267 662 368 686 respondit,
391 663 491 681 “Salvator
508 663 591 680 omnium
610 662 708 686 gentium-’⁷

183 686 246 704 Simon
255 686 308 708 dixit,
316 689 327 697 “
334 687 374 711 Ego
380 693 421 705 sum
430 693 485 711 quein
494 687 538 706 dicis
547 694 551 705 z
565 690 583 705 et
591 687 646 708 scitis,
653 687 705 705 Petro

184 714 203 729 et
212 711 274 732 Paule,
291 718 329 730 non
347 712 397 730 vobis
415 712 515 736 continget,
532 712 583 736 quod
600 712 672 736 cupitis,
687 714 707 730 ut

166 738 178 746 ¹⁸
184 736 270 760 martyrio
282 742 315 754 vos
328 736 408 761 digner.”
434 737 498 755 Petrus
508 739 526 755 et
535 737 602 755 Paulus
616 737 708 758 dixerunt,

184 763 196 771 ‘¹
203 761 294 779 Adveniet
308 761 367 783 nobis,
380 762 431 786 quod
445 762 534 786 cupimus,
547 765 566 780 et
577 762 678 785 contingat,
688 764 707 779 ut

184 792 280 810 nunquam
289 786 320 804 tibi
330 787 353 804 sit
361 787 414 808 bene,
424 787 486 805 Simon
493 787 555 811 Mage,
561 789 580 805 et
587 787 707 804 amaritudine

185 810 246 834 plene,
267 811 354 834 quonium
372 818 488 835 quaecunque
510 812 590 836 loqueris
612 812 708 829 inentiris.''

185 835 247 853 Simon
257 835 309 857 dixit,
323 838 334 846 “
341 836 390 854 Audi
397 842 434 858 me,
445 837 507 854 Caesar
516 837 573 858 Nero,
581 839 602 854 ut
611 837 656 854 scias
665 836 709 854 istos

167 862 179 870 ¹·
186 859 241 878 falsos
250 866 295 882 esse,
304 863 323 878 et
330 867 360 879 me
369 861 392 879 de
406 861 456 879 coelis
469 862 550 883 missum,
559 862 638 880 crastino
647 861 676 879 die
685 861 708 879 ad

186 884 243 903 coelos
259 885 331 907 vadam,
349 888 368 904 et
384 886 425 904 illos
438 886 469 910 qui
483 886 526 904 mihi
541 887 638 911 credunt&
645 886 708 904 beatos

186 909 264 931 faciam;
278 910 296 928 in
305 910 350 928 istos
363 913 432 933 autem,
445 911 476 935 qui
489 917 519 929 me
532 917 599 935 negare
612 912 651 929 ausi
659 914 708 933 sunt,

186 935 231 952 iram
240 940 300 953 meam
310 936 420 954 ostendam?
446 936 510 954 Petrus
516 939 535 955 et
540 936 608 955 Paulus
616 936 708 958 dixerunt,

186 961 198 969 “
204 958 243 977 Nos
252 960 295 978 olim
304 961 377 979 vocavit
385 961 436 979 Deus
445 961 467 979 ad
474 961 550 985 gloriam
557 964 640 983 suam‚tu
646 964 708 980 autem

167 986 198 1002 ”a
212 984 289 1003 Diabolo
299 985 339 1009 jam
352 988 428 1004 vocatus
441 992 466 1007 es,
479 986 502 1004 ad
515 989 608 1005 tormenta
620 986 709 1005 festinas?
