806 1298
208 126 251 139 xxx.
265 120 357 138 ermmu
370 119 388 137 S.
403 119 503 137 Murum.
594 119 631 137 609

81 167 144 184 beatas
150 169 169 184 et
176 166 214 184 sine
223 167 296 185 macula
304 172 369 184 manus
378 172 425 184 sime.
450 165 533 190 Inspexit
538 165 557 183 in
564 165 632 184 coelurn

81 191 105 209 ad
118 193 137 209 te
151 191 224 209 Patrem
238 197 298 213 suum,
311 191 378 215 gratias
392 191 435 215 egit,
449 191 462 215 †
475 190 573 212 benedixit,
585 190 599 214 †
613 192 632 208 et

82 215 209 237 sanctificavit,
218 216 231 240 †
240 218 259 234 et
267 216 318 234 dedit
327 215 419 240 discipulis
428 216 465 233 suis
473 215 542 236 dicens,
548 214 632 239 Accipite

82 242 101 258 et
116 240 206 259 comedite
223 246 246 259 ex
255 247 282 259 .eo
296 246 371 259 omnes:
390 240 432 258 Hoc
447 242 474 258 est
488 245 554 263 corpus
569 245 632 257 meum

82 265 132 289 quod
144 271 178 289 pro
189 265 241 283 vobis
252 265 334 283 tradetur
345 265 363 283 in
374 265 500 283 remissionem
513 266 632 288 peccatorum

82 290 147 307 Amen.

108 314 190 333 Poenum
204 320 265 333 meir:
282 315 348 336 Amen,
361 320 421 335 amen,
434 319 495 335 amen,
508 313 598 332 credimus
614 316 632 331 et

82 339 198 361 confidimus,
206 341 225 357 et
235 339 332 358 laudamus
343 342 372 360 te;
386 339 403 357 Ο
413 339 492 357 Domine
502 338 551 360 neus
563 340 632 356 noster.

83 364 125 382 Hoc
135 370 177 382 vere
186 370 253 388 corpus
262 366 315 382 tuum
323 366 356 382 est.

108 389 202 407 SAcennos
213 395 273 407 mci-1⁷:
288 389 374 407 Similiter
385 388 467 409 calicem,
475 388 543 412 gratias
554 393 611 412 agens
619 388 632 412 †

81 413 176 431 benedixit
186 414 200 437 †
211 416 231 431 et
243 413 369 434 sanctificavit,
380 414 393 437 †
405 415 424 431 et
436 413 483 431 dixit
494 413 519 430 eis
528 419 532 430 z
549 412 632 436 Accipite

82 439 101 455 et
109 438 165 456 bibite
174 444 198 456 ex
207 444 229 456 eo
238 444 308 459 omnes,
317 437 347 456 hic
356 440 384 456 est
393 437 440 456 calix
452 437 544 461 sanguinis
556 437 591 455 mei
601 437 632 461 qui

82 468 116 486 pro
128 462 179 480 vobis
190 462 298 480 effundetur
309 464 329 480 et
339 468 373 486 pro
386 462 512 486 redemptione
525 461 631 480 multorum.

82 488 147 505 Amen.

108 512 191 530 Porum
206 517 266 530 mcrr:
283 512 350 533 Amen,
363 517 423 532 amen,
436 516 497 532 emen,
510 511 600 529 credimus
613 513 632 529 et

83 536 199 558 confidimus,
208 538 226 554 et
238 536 334 554 laudamus
345 538 370 557 te,
382 536 399 554 O
411 536 490 554 Domine
502 535 553 554 Deus
564 537 632 557 noster,

82 561 112 579 hic
121 567 163 579 vere
172 561 245 585 sanguis
253 563 295 579 tuus
304 563 337 579 est.

103 586 201 611 ,Sicanos
221 592 270 604 121ch
280 592 284 604 ς
307 585 383 606 Quoties
400 585 436 603 hoc
455 585 541 607 feceritis,
557 585 577 603 in
596 585 632 603 mei

82 611 190 628 memoriam
198 610 274 628 facietis.
368 615 373 617 “

109 635 191 653 Poenius
217 641 265 653 mer-r
276 641 280 653 :
307 634 446 653 Annunciamus
471 636 549 653 mortem
574 636 633 656 tunm,

84 660 168 681 Domine,
178 662 198 678 et
208 662 291 678 sanctam
302 659 454 677 resurrectionem
466 661 527 681 tuam;
541 659 633 677 credimus

83 685 208 706 ascensionem
225 686 282 706 tuam,
297 687 316 702 et
331 684 432 702 semmdurn
450 684 549 702 adventum
566 686 632 705 tuum;

83 715 169 733 rogamus
185 711 210 731 te,
226 709 304 727 Domine
322 709 373 727 Deus
385 712 459 727 noster:
479 709 521 727 haeo
535 714 579 727 vera
593 714 633 727 esse

84 734 180 752 credimus.

108 759 203 777 Snemmos
216 764 276 776 mei-r:
295 758 351 776 Nunc
364 760 426 776 autem
439 758 557 776 recordamur
569 758 634 776 mortis

83 786 121 801 tuae
135 786 154 802 et
168 783 306 801 resunectionis
320 784 370 804 tuae3
389 782 522 806 offerimusque
535 783 567 800 tibi
582 782 633 801 hunc

84 814 151 832 panem
161 810 180 826 et
191 807 241 826 hunc
253 808 334 829 calicem,
343 807 412 831 tibique
423 807 490 831 gratias
501 807 572 831 agimus
583 807 634 831 quod

84 839 117 857 per
127 833 163 850 hoc
175 832 284 850 sacrificium
295 832 361 856 dignos
372 838 406 850 nos
418 832 478 850 fecisti
489 832 548 850 standi
559 832 578 850 in
590 838 634 850 con-

84 859 148 881 spectu
154 860 187 875 tuo
194 859 213 875 et
220 857 333 875 sacerdotale
340 856 423 875 officium
428 862 492 875 coram
499 859 518 875 te
524 857 633 880 exequendi.

84 882 163 900 Oramus
172 884 190 900 te
198 882 276 900 Domine
285 884 304 899 et
311 887 322 899 a
328 883 346 900 te
355 882 444 900 instanter
452 881 538 905 petimus,
544 884 566 899 ut
572 881 634 900 mittas

84 907 171 935 Spiritum
189 906 207 924 S.
224 912 279 930 super
295 906 345 924 hunc
362 912 430 930 panem
446 909 465 924 et
482 906 532 924 hunc
551 906 633 928 calicem,

84 931 169 950 videlicet
182 937 249 955 corpus
262 933 281 948 et
294 931 400 954 sanguinem
415 931 489 949 Domini
502 934 521 949 et
534 931 634 950 Servatoris

84 956 142 975 nostri
162 956 208 974 Jesu
225 955 298 977 Christi,
314 955 333 974 in
350 956 418 974 saecula
435 955 550 977 saeculorum,
568 956 634 975 Amen.

85 981 154 999 Tribue
167 980 221 999 simul
235 980 320 998 omnibus
333 986 355 998 ex
367 986 390 998 eo
401 981 521 1002 sumentibus,
532 983 554 999 ut
564 980 597 999 fiat
608 981 634 999 eis

85 1006 108 1024 ad
120 1005 284 1024 sanctificationem
296 1007 314 1023 et
325 1005 458 1029 plenitudinem
469 1005 545 1029 Spiritus
556 1005 574 1023 S.
584 1008 602 1024 et
611 1006 634 1024 ad
