806 1298
168 98 200 114 4⁸6
271 97 325 114 Gonu
336 98 441 115 Amenanus
452 98 496 115 Non
506 98 607 115 Tamum

193 141 274 166 corporis
286 143 306 159 et
318 141 410 165 sauguinis
418 147 452 166 pro
461 142 510 160 omni
522 142 591 160 saeculo
605 141 713 161 sacrificium

193 166 315 191 praebuisset.'’
341 166 388 185 Haec
401 169 421 185 et
433 166 461 185 his
473 166 538 185 similia
546 167 648 185 dicentibus
659 167 714 185 Petro

193 194 212 210 et
220 191 284 213 Paulo,
292 197 335 216 pars
341 191 421 210 maxima
427 191 538 216 populorum
545 192 627 214 credidit,
634 195 653 210 et
659 192 713 217 pauci

193 216 274 239 fuerunt,
283 216 314 241 qui
323 219 342 235 et
350 216 383 241 ipsi
392 216 477 235 simulata
484 216 522 235 fide
531 223 568 236 non
577 220 638 236 tamen
650 220 713 242 aperte

181 245 187 253 ⁸
207 244 269 260 ossent
287 248 351 260 eorum
371 241 463 266 negligere
479 242 555 264 monita,
569 242 599 261 vel
614 245 712 267 praecepta.

193 248 279 285 i'lidenoes
295 269 358 285 autem
374 267 453 291 majores
470 267 578 291 Synagogae,
596 270 615 286 et
630 268 713 292 gendum

193 292 298 314 Pontifices,
315 292 348 310 sibi
362 298 395 316 per
412 291 561 317 praedicationem
576 298 640 311 eorum
656 292 714 311 finem

193 317 295 342 specialiter
306 316 353 339 fieri,
365 319 444 341 egerunt
456 317 492 335 hoc
505 319 526 335 ut
539 323 599 336 sermo
616 324 680 336 eorum
695 318 713 336 in

193 342 337 361 murmuratione
343 342 407 366 populi
415 342 495 361 eveniret
501 349 506 364 ς
520 342 569 360 unde
576 342 646 361 factum
652 345 686 364 est,
692 345 713 361 ut

175 370 187 378 ¹·
195 367 299 386 Simeonem
308 367 384 391 Magum
394 367 464 385 Neroni
472 366 587 396 praeferrent,
596 370 614 386 et
622 367 667 386 istos
676 368 714 386 cul-

193 395 263 417 parent.
290 391 435 411 Innumerabiles
448 398 496 410 enim
504 398 529 417 po
543 392 568 411 uli
582 392 626 411 dum
639 399 714 411 conver-

194 420 276 436 terentur
288 417 312 436 ad
325 417 425 436 Dominum
443 423 476 442 per
488 423 526 441 prae
541 417 637 436 {nationem
656 418 713 440 Petri,

193 443 275 467 contigit,
282 445 303 461 ut
310 442 365 461 etiam
370 448 448 460 uxorem
453 442 532 461 Neronis
540 442 616 465 Liviam,
624 446 643 461 et
647 443 714 467 Agrip-

192 474 222 493 pae
237 467 321 486 Praefecti
335 467 434 491 conjugem
447 467 522 486 nomine
543 468 669 492 Agrippinam,
688 468 714 486 ita

175 496 186 504 ¹¹
194 493 282 514 converti,
302 495 324 511 ut
348 499 359 511 a
384 492 442 511 latere
464 498 483 511 se
505 499 580 511 suorum
606 493 713 511 maritorum

194 518 292 537 auferrent.
318 517 353 536 Per
366 517 418 536 Pauli
431 523 474 535 vero
491 517 640 542 praedicationem
659 518 713 537 multi

193 543 298 562 deserentes
312 542 394 561 militiam
409 542 528 560 adhaerebant
545 543 631 565 Domino,
647 543 674 561 ita
693 546 714 561 ut.

193 568 248 586 etiam
261 574 285 586 ex
298 567 382 586 cubiculo
395 567 443 591 regis
455 567 539 586 venirent
552 567 575 586 ad
585 574 634 589 eum,
643 568 713 587 attacti

194 593 291 611 Christiani
304 592 403 611 noluerunt
416 592 481 611 reverti
490 592 514 610 ad
522 592 611 615 militiam,
621 599 681 617 neque
690 593 713 612 ad

175 621 187 629 ¹⁰
194 618 287 643 palatium.

218 643 267 662 Hinc
281 643 353 672 populis
364 643 449 661 seditiosa
460 643 604 661 murmuratione
641 644 713 662 entibus

193 669 256 687 Simon
269 670 358 687 exemtus
371 670 399 686 est
411 668 429 686 in
442 668 507 690 zelum,
521 670 540 686 et
553 668 609 692 coepit
635 675 645 687 e
657 669 712 687 Petro

193 694 251 712 multa
258 693 308 712 mala
316 693 382 715 dicere,
390 693 452 711 dicens
461 699 503 711 eum
512 699 593 717 magum,
601 696 620 711 et
628 694 713 712 seducto-

193 725 232 737 rem
250 725 294 737 esse.
321 718 424 736 Credebant
442 721 504 736 autem
516 718 542 736 illi
555 718 586 742 qui
599 719 712 738 mirabantur

175 747 187 755 ¹·
194 744 246 769 sig-na.
252 743 291 768 ejus
299 750 303 762 :
316 743 395 761 iaciebat
400 743 448 761 enirn
454 745 557 767 serpentem
564 749 631 762 aereum
637 750 711 763 movere

193 769 286 793 seipsum,
294 768 354 793 ipsum
367 770 429 786 autem
442 774 521 790 currere,
534 770 553 786 et
565 768 625 787 subito
638 769 656 787 in
669 775 711 787 aere

193 794 254 813 videri.
281 794 350 812 Contra
358 793 398 811 haee
407 793 471 812 Petrus
478 793 560 811 infirmos
567 794 642 812 curabat
650 794 711 816 verbo,

193 825 253 838 caecos
261 818 321 837 videre
330 818 409 837 faciebat
417 818 492 840 orando,
501 818 592 837 daemonia
597 818 649 843 jussu
659 818 712 843 fuga»

193 844 231 866 bat,
244 844 319 865 interea,
332 846 351 862 et
364 843 413 868 ipsos
421 845 504 861 mortuos
512 843 626 862 suscitabat:
639 844 711 863 dicebat

175 872 187 880 ¹¹¹
194 872 256 888 autem
262 869 285 887 ad
290 875 314 893 po
328 869 385 890 ulum,
391 871 412 887 ut
418 869 441 886 ab
448 868 487 893 ejus
495 868 601 887 seductione
607 875 645 887 non
651 869 710 888 solum

193 895 284 919 fugerent,
293 900 301 912 s
333 893 388 912 etiam
400 893 505 912 desererent
514 900 562 916 eum,
571 900 594 912 ne
606 894 711 913 viderentur

193 919 266 938 diabolo
284 918 391 937 consentire.
417 918 446 937 Sic
463 918 533 937 facturn
555 921 588 941 est,
609 922 630 938 ut
647 926 711 938 omnes

194 944 272 969 religiosi
288 944 321 963 viri
335 946 442 962 execrantes
457 943 549 962 Simonem
565 950 638 969 magum
655 945 711 963 scele-

193 972 254 988 ratum
266 975 309 988 eum
320 969 430 990 adsererent,
443 969 518 987 Petrum
534 975 577 987 vero
593 970 612 988 in
626 970 711 988 laudibus

175 998 187 1006 '⁵
195 994 268 1014 Domini
288 994 421 1019 praedicarent;
445 996 510 1012 eontra
536 1000 600 1013 ornnes
624 995 713 1017 scelerati,
