806 1298
163 103 196 120 493
264 102 318 118 Coorx
331 103 438 118 Arocnvruus
449 102 494 118 Novr
506 102 613 119 Taunum-rr.

188 151 262 169 sumpt-⁰
268 151 303 169 qua
310 145 373 163 videris
377 145 466 163 dimicare.
478 145 528 169 Ergo
533 151 591 169 quum
597 145 713 169 cognovisset

188 170 214 188 ita
222 176 268 191 esse,
283 170 363 188 deseruit
376 170 427 194 quod
439 169 556 191 defendebat,
569 172 587 188 et
600 170 668 193 incepit
681 170 713 188 de-

187 194 262 213 fendere
272 195 326 216 hanc,
335 201 391 219 quam
397 194 542 219 persequebatur
547 195 630 213 semitam
639 194 713 216 Christi‚

188 220 219 244 qui
232 222 261 238 est
274 226 317 238 vera
329 220 358 238 via
370 226 416 244 pure
430 219 571 241 ambulantibus,
584 220 650 238 veritas
667 219 712 237 nihil

175 247 180 255 ¹
186 244 298 266 fallentibus,
307 247 326 263 et
333 245 370 263 vita
375 244 492 262 credentibus
497 245 623 268 sempiterno?
648 244 712 263 Simon

189 269 240 291 dixit,
264 270 333 287 “Bone
346 270 452 293 imperator,
464 269 545 293 intellige
558 269 712 293 conspirationem

188 300 258 316 eorum,
280 294 376 312 adversum
403 300 432 312 me
460 294 548 318 sapiunt?¹
574 294 639 312 Petrus
660 294 713 315 dixit,

188 321 200 329 ·‘
209 319 266 337 Nulla
274 319 340 337 veritas
348 319 366 337 in
373 321 390 337 te
398 319 508 340 est,inimice
514 319 600 340 veritatis,
604 319 636 337 sed
642 325 665 337 ex
672 319 713 337 soio

187 344 283 362 mendacio
297 344 358 362 omnia
370 344 405 362 ista
418 343 468 365 dicis,
481 346 500 361 et
513 343 572 362 facis.'’
598 344 648 362 Nero
661 344 713 365 dixit,

169 371 181 379 ‘⁰
189 371 199 378 ‘¹
205 369 241 390 Tu,
250 368 313 390 Paule,
322 368 366 392 quid
375 368 419 386 dicis
426 369 442 386 T'
455 368 523 386 Paulus
532 368 633 392 respondit,
646 371 658 378 ‘¹
664 369 712 388 Quae

187 400 199 412 a
207 394 262 411 Petro
275 392 347 415 audisti,
361 393 395 411 hoc
410 396 428 411 et
441 399 452 411 a
464 399 494 411 me
506 393 575 411 dictum
585 393 645 414 crede,
655 399 712 411 unum

187 418 236 436 enim
256 418 350 440 sentimus,
369 418 413 442 quia
432 424 490 436 unum
507 418 595 437 habemus
613 418 712 436 Dominum

188 443 252 461 Jesum
266 443 374 467 Christum.”
400 443 463 461 Simon
476 443 528 465 dixit,
542 446 553 453 ‘¹
561 443 647 464 Putasne,
655 443 713 467 impe-

188 471 243 489 rator,
252 474 294 486 cum
304 468 332 486 his
341 468 408 486 habere
417 468 566 492 disputationem,
576 468 606 492 qui
616 468 711 486 adversum

171 495 182 503 '³
189 499 218 511 me
225 499 335 511 consensum
340 492 425 511 fecerunt
434 494 450 510 T'
459 496 477 511 et
483 499 583 511 conversus
590 493 613 511 ad
618 499 629 511 a
642 493 712 511 ostolos

187 517 239 538 dixit,
252 520 263 527 ‘¹
268 517 342 539 Audite,
356 518 409 535 Petre
423 520 442 535 et
455 517 516 535 Paule.
536 518 554 535 Si
567 517 596 535 hic
608 523 631 535 vo
644 518 659 535 is
667 518 712 536 nihil

187 548 262 566 possum
284 541 351 563 facere,
373 542 472 563 veniemus,
495 542 525 560 ubi
546 548 579 560 vos
596 545 668 566 oportet
682 548 711 560 me

185 567 283 590 judicare-⁷³
309 567 377 585 Paulus
399 567 500 591 respondit,
520 569 531 577 “
539 567 590 585 Bone
608 567 712 591 imperator,

188 591 229 609 vide
238 591 302 615 quales
310 591 362 610 nobis
371 591 430 609 minas
438 591 530 609 intendit?
556 592 581 610 Et
590 592 655 610 Petrus
661 592 712 613 dixit,

169 619 181 626 ¹·
189 619 200 626 ‘¹
206 616 244 634 Cur
253 622 290 634 non
299 616 372 634 irrideas
382 616 475 634 hominem
482 622 554 638 vanum,
560 619 578 635 et
584 617 637 635 alieni
642 617 712 641 capitis.

187 641 219 665 qui
232 640 336 659 ludificatus
349 647 361 659 a
373 641 487 659 daemonibus
501 644 554 666 putot
566 648 585 660 se
595 641 711 660 manifestare

187 672 224 684 non
242 672 295 690 posse
303 667 319 684 ’Ζ“
333 666 396 684 Simon
409 666 508 690 respondit,
520 667 579 691 “Ego
592 666 643 685 vobis
655 673 712 691 parco

187 691 249 712 modo,
258 691 378 715 quoadusque
387 691 482 709 ostendam
493 691 578 709 virtutem
591 693 666 709 meam.”
683 692 712 710 Ad

187 716 228 734 haec
238 716 302 734 Petrus
309 716 409 740 respondit,
417 718 428 726 ‘¹
436 716 476 734 Nisi
481 716 546 734 viderit
552 716 615 734 Simon
625 716 711 735 virtutem

169 743 181 751 ’⁵
189 740 256 759 Christi
265 741 328 759 Nostri
337 740 348 758 J
350 746 382 758 esu
392 740 465 762 Christi,
474 746 511 759 non
522 741 580 759 credit
589 747 608 759 se
618 741 712 759 Christum

187 771 225 784 non
234 766 289 784 esse.”
314 766 378 784 Simon
387 765 439 787 dixit,
456 768 467 775 “
474 766 598 784 Sacratissime.
606 766 712 790 imperator,

187 790 225 808 noli
233 790 272 808 istis
281 790 361 811 credere,
370 790 413 814 quia
421 790 440 808 hi
449 793 498 812 sunt,
506 791 538 814 qui
551 791 712 812 circumciduntur,

188 818 207 833 et
215 815 362 833 eircumcidunt.”
388 815 418 833 Ad
425 815 464 833 haec
472 815 540 833 Paulus
545 815 645 839 respondit,
654 818 665 825 “
673 816 712 834 Nos

187 842 286 863 antequam
296 840 391 858 veritatem
400 846 559 864 cognosceremus,
566 840 625 858 carnis
634 840 712 858 circum-

169 867 181 875 ”
189 864 276 883 cisiunem
289 865 387 886 tenuimus,
400 867 419 883 at
432 865 462 883 ubi
476 865 542 884 veritas
554 865 638 889 apparuit
653 866 712 884 cordis

188 889 332 911 circumcisione,
341 892 361 907 et
369 889 470 908 circumcisi
479 894 549 911 sumus,
564 893 583 908 et
600 890 712 908 circumcidi-

187 915 244 932 mur.”
270 914 295 932 Et
304 914 368 932 Petrus
377 914 423 932 dixit
430 915 453 933 ad
462 915 561 936 Simonem,
574 917 586 925 ‘¹
593 915 612 933 Si
625 915 673 933 mala
685 918 713 933 est

189 939 308 960 circumcisio,
321 941 342 957 tu
351 945 408 963 quare
417 939 533 958 circumcisus
543 946 563 958 es
571 940 587 957 T’
609 940 712 964 Imperator

189 964 241 985 dixit,
253 964 322 988 “Ergo
335 966 354 982 et
367 964 429 982 Simon
444 963 561 982 circumcisus
574 968 602 983 est
610 965 626 983 Y’
647 965 712 983 Petrus

170 991 182 999 ¹³
189 988 289 1013 respondit,
297 991 309 999 “
317 989 356 1007 Nec
365 989 418 1007 aliter
426 992 498 1013 poterat
505 989 589 1014 decipere
596 990 671 1011 animas,
678 990 712 1008 nisi
