806 1298
181 107 217 125 534
256 107 321 125 Conssx
334 107 456 125 Arocnrrnus
470 108 518 126 Now
532 108 657 126 Teanum-ri.

183 155 348 171 commemorantes
357 159 420 171 coram
429 155 454 175 te,
464 153 549 175 Domine,
558 154 649 172 Doctores
657 154 737 175 divinos,

185 178 216 202 qui
229 177 272 196 fidei
286 178 448 202 irreprehensibilis
461 178 596 203 explanatores,
609 179 640 203 qui
655 178 738 197 moribus

182 203 275 227 praeclaris
291 203 350 221 ornati
371 203 456 221 obierunt
473 206 492 221 et
512 203 627 227 quieverunt,
644 204 735 228 nobisque

181 228 238 246 fidem
263 227 391 246 Orthodoxam
416 228 546 246 ordinaverunt
567 231 586 247 et
607 228 735 247 tradiderunt:

183 253 282 271 Dominum
292 253 418 277 deprecemur,
427 254 458 271 lite.

208 278 302 296 SAOEnnos
316 284 427 297 INCmNATus.
455 278 558 300 Memento,
567 279 652 300 Domine,
662 281 736 297 sancto-

183 309 224 321 rum
242 303 376 327 Episcopomm
397 303 428 327 qui
450 303 520 328 pridem
541 303 685 325 obdormierunt,
703 304 735 328 qui

183 328 259 346 verbum
271 328 351 346 veritatis
363 328 415 346 nobis
427 328 590 352 dispensaverunt:
604 329 635 353 qui
643 335 655 347 a
663 329 735 347 Jacobo

183 353 264 377 principe
274 353 409 377 Episcoporum
421 353 505 378 apostolo
514 356 533 371 et
545 354 633 378 Martyre,
643 360 701 378 usque
710 354 734 372 ad

182 378 229 396 hanc
241 378 296 399 diem,
305 378 381 396 verbum
391 378 435 396 fidei
447 378 562 397 Orthodoxae
574 379 592 397 in
607 378 689 397 Ecclesia
701 382 734 397 tun

182 405 246 421 sancta
254 403 407 427 praedicaverunt.
432 403 511 422 Elevans
519 410 581 422 vocem.
608 404 707 422 Luminum
715 406 734 421 et

183 428 285 446 Doctorum
295 428 382 446 Ecclesiae
394 431 432 446 tuae
444 431 520 450 sanctae,
528 429 560 453 qui
571 429 681 453 praeclarum
690 428 733 447 fidei

182 456 275 471 certamen
288 453 392 475 ediderunt,
401 453 432 477 qui
445 459 512 471 nomen
525 456 578 472 tuum
591 456 675 472 sanctum
688 454 735 472 tule-

184 481 227 496 runt
236 484 298 496 coram
310 478 388 502 populis,
396 479 470 502 regibus
479 481 497 496 et
507 478 549 497 filiis
561 479 624 500 Israel,
633 485 735 502 eorumque

183 503 268 527 precibus
283 506 302 521 et
316 503 485 527 supplicationibus,
499 509 565 527 pacem
579 506 631 522 tuam
646 503 735 522 Ecclesiae

182 532 220 546 tuae
233 528 304 546 tribue:
319 528 411 546 doctrinas
423 534 487 546 eorum
496 530 515 546 et
523 528 658 547 confessionem
669 534 734 547 eorum

182 554 200 571 in
210 553 275 571 animis
283 553 350 571 nostris
359 552 449 571 confirma
457 559 461 570 :
474 552 554 572 haereses
562 553 615 572 nobis
624 554 689 571 noxias
697 554 734 571 cim

183 578 290 602 comprime,
298 581 316 596 et
326 578 463 596 consistentiam
473 578 542 602 absque
551 578 665 600 confusione,
672 584 734 597 coram

182 602 269 621 tribunali
276 606 308 621 tuo
316 603 368 621 nobis
377 603 458 621 concede
466 610 470 621 :
484 604 527 627 quia
535 606 609 622 sanctus
616 609 642 625 es,
649 603 735 625 Domine,

182 630 201 646 et
214 628 232 646 in
247 628 314 646 sanctis
326 628 436 652 requiescis:
454 628 485 652 qui
498 631 603 646 sanctorum
617 634 636 646 es
649 634 735 647 consum—

182 655 243 671 mator
252 656 308 677 atque
317 653 421 677 perfector:
435 656 454 671 et
462 653 493 672 tibi
503 653 586 677 gloriam,
595 654 626 671 ἃς.

209 678 297 696 ΡοΡυιυε.
322 678 387 696 Amen.

209 703 307 721 Duconus.
334 703 488 721 Commemonnio
498 709 585 722 rinfflum
592 709 735 722 nzruuc‘ronvm.

185 728 255 746 Iterum
280 728 335 746 etiam
361 734 528 746 commemoramus
551 734 614 747 omnes
637 728 735 747 defunctos

184 752 254 774 fideles,
267 753 298 777 qui
309 753 328 771 in
340 752 377 771 fide
389 759 433 771 vera
445 752 528 771 defuncti
540 755 589 775 sunt,
600 759 624 771 ex
636 753 688 772 altari
699 753 735 772 hoc

184 781 255 800 sancto,
263 781 282 796 et
291 784 314 796 ex
323 778 359 796 hoc
369 784 423 802 pago,
430 781 449 796 et
458 784 481 796 ex
491 784 608 802 quacumque
616 779 697 802 regione,
704 778 735 802 qui
747 781 750 783 ’

183 803 201 821 in
210 802 248 821 fide
257 809 300 821 vera
309 803 379 827 pridem
388 803 525 821 obdormientes
534 804 649 827 quieverunt,
657 805 676 821 et
685 803 708 821 ad
717 806 735 821 te

184 828 244 845 Deum
257 828 357 846 Dominum
370 828 467 852 spirituum
475 830 494 846 et
506 828 565 846 omnis
577 829 636 846 carnis
647 834 735 852 pervene-

183 855 231 871 runt.
258 853 358 876 RogamuS,
362 853 487 877 imploramus,
491 856 510 871 et
515 853 636 877 deprecamur
642 853 735 871 Christum

184 878 244 896 Deum
257 881 346 899 nostrum,
356 878 387 901 qui
399 878 479 902 suscepit
488 878 510 896 ad
522 884 541 896 se
553 878 622 896 animas
634 880 653 896 et
661 878 735 902 spiritus

183 908 254 924 eorum,
262 905 284 920 ut
293 908 325 927 per
337 903 462 921 miserationes
474 909 516 921 suus
528 903 601 924 multas,
610 905 686 927 praestet
695 903 735 921 illos

183 927 248 951 dignos
262 928 317 945 venia
329 927 439 946 delictorum
453 930 472 946 et
485 928 591 946 remissione
605 930 734 952 peccatorum:

183 958 254 976 nosque
266 955 285 970 et
296 952 337 970 illos
349 953 444 977 pervenire
457 952 513 971 faciat
525 953 549 971 ad
560 959 638 977 reg-num
650 959 703 971 suum
716 953 735 971 in

183 977 239 1020 cieliS.
271 978 299 996 Ea
316 980 391 1002 propter
406 978 506 996 clamemus
524 981 542 996 et
560 978 647 996 dicamus.
679 978 736 1002 Kyrie

184 1009 193 1020 e
202 1008 251 1020 eison
262 1005 294 1021 ter.
