806 1298
179 111 206 124 xv.
217 106 300 123 Mmrrun
310 111 332 123 m
342 110 383 123 rm.
394 107 410 123 S·
422 105 470 123 Jom.
481 106 534 124 ΕνΑιι,
603 106 638 124 471’

87 155 119 169 um
127 150 249 175 eleemosynae
255 150 278 169 ad
283 150 368 174 plausum
374 149 469 169 hominum
475 150 613 175 confregerunt,

88 178 109 194 tu
125 175 204 195 Domine
218 181 252 200 per
266 181 332 194 manus
347 175 455 199 angelorum
471 177 546 194 tuorum
556 176 613 195 modo

87 207 132 220 recu
146 207 183 223 era,
192 203 213 219 ut
220 200 280 225 pretio
289 206 352 219 eorum
361 200 491 219 misericordiae
499 206 544 219 usus
551 201 613 226 exple-

88 229 124 248 tus,
138 226 185 245 aciat
190 225 221 244 tibi
226 225 322 244 credentes
326 225 449 250 perveniread
453 228 506 244 tuum
510 226 613 251 imperium,

88 251 120 276 qui
128 257 172 270 cum
180 251 235 269 Patre
239 250 285 269 vivis
291 253 310 269 et
316 255 359 269 cum
365 250 435 275 Spiritu
442 250 516 273 Sancto,
522 253 541 269 et
546 257 612 276 regnas
619 253 624 262 ¹

87 276 106 295 in
121 276 190 295 saecula
205 275 315 294 saeculorum
321 276 337 297 ;’'
358 275 458 299 Quumque
476 276 613 301 respondissent

88 301 158 323 fideles,
165 301 197 325 qui
206 305 249 319 cum
257 307 269 319 a
282 300 342 319 ostolo
349 302 408 322 erant,
416 303 435 319 et
443 300 538 323 dixissent,
546 301 613 323 Amen,

89 326 115 345 ita
124 328 167 345 sunt
175 325 253 344 solidata
291 328 367 350 gmenta
378 331 499 350 gemmarum,
507 328 529 344 ut
537 332 571 345 nec
578 326 614 351 sig-

88 357 133 370 num
141 351 215 375 aliquod
225 351 248 369 de
257 356 280 369 eo
289 350 340 375 quod
345 350 425 369 fractum
432 350 499 373 fuerat,
504 354 613 370 remaneret.

90 376 143 395 Tunc
156 375 277 401 philosophus
284 375 359 397 Craton,
366 375 420 394 simul
427 382 469 394 cum
478 376 505 394 his
509 376 613 400 juvenibus,
620 379 631 387 ¹·

89 404 108 420 et
117 407 160 420 cum
168 400 257 419 universis
265 400 357 425 discipulis
371 400 408 419 suis
416 400 494 425 pedibus
507 401 546 425 ejus
558 401 614 420 devo-

90 425 141 445 lutus
154 426 236 447 credidit,
249 428 267 444 et
280 425 305 444 ba
318 425 384 444 tizatus
398 428 426 444 est
439 432 482 444 cum
490 426 582 448 omnibus,
594 428 613 445 et

91 452 147 476 coepit
153 451 209 469 fidem
217 451 291 469 Domini
312 457 345 469 esu
354 450 422 469 Christi
430 451 502 475 publice
508 451 613 476 praedicare.

90 477 143 495 Tunc
159 476 197 494 duo
211 476 237 494 illi
251 475 317 494 fratres
338 475 465 494 venundantes
484 476 551 498 omnia,
571 482 614 501 quae

90 501 157 520 habere
165 503 257 525 poterant,
270 503 289 519 et
301 500 366 519 dantes
379 500 464 519 universa
476 501 577 525 egenflbus,
586 508 613 520 se-
620 504 632 512 ¹¹

90 526 194 551 quebantur
201 525 312 550 Apostolum
320 531 353 550 per
362 525 444 544 civitates
450 526 526 545 verbum
539 526 613 545 Domini

104 551 228 570 raedicantem.

91 558 104 576 p
116 576 198 601 Configit
208 578 271 594 autem
283 578 305 594 ut
317 576 407 594 intrantes
419 576 483 594 urbem
498 576 613 601 Pergamum,

92 602 175 621 viderent
183 607 245 620 servos
253 607 297 619 suos
303 601 364 619 sericis
376 601 450 619 indutos
459 601 539 619 vestibus
563 607 614 620 roce-

92 627 163 648 dentes,
169 628 189 645 et
193 626 251 651 gloria
255 625 339 644 saeculari
347 625 440 650 fulgentes
447 633 451 647 ;
465 628 484 644 et
492 626 535 644 hinc
552 629 613 645 actum
620 629 632 637 ¹⁰

93 654 127 674 est,
135 654 157 670 ut
169 652 235 676 sagitta
248 651 314 669 diaboli
327 651 405 675 perculsi
419 651 479 670 tristes
492 651 614 674 efficerentur,

93 677 144 702 quod
152 683 172 695 se
180 676 199 694 in
208 682 246 695 uno
255 676 311 700 pallio
319 676 401 694 viderent
413 679 493 700 egentes,
502 682 564 695 servos
571 683 615 695 vero

93 708 136 721 suos
145 701 286 726 potentissimos,
295 703 351 725 atque
357 700 455 725 fulgentes.
480 701 517 720 Sed
523 701 557 720 hos
562 701 615 720 dolos

94 727 162 746 diaboli
174 726 277 750 intelligens
289 726 389 750 Apostolus
402 726 433 748 ait,
454 728 466 737 ¹¹
474 726 532 745 Video
545 732 584 748 vos,
596 729 616 745 et

93 752 164 771 animos
172 754 242 770 vestros
251 751 337 773 munisse,
346 753 365 769 et
373 751 434 769 vultus
439 753 514 776 propter
521 751 557 770 hoc
563 752 614 776 quod
621 754 633 762 ¹¹

94 777 197 796 doctrinam
206 776 279 795 Domini
288 776 333 795 Jesu
342 776 409 794 Christi
415 776 494 800 sequuti,
503 776 565 795 omnia
572 782 616 801 quae

94 802 162 821 habere
175 801 258 826 potuistis
271 801 381 826 pauperibus
396 801 504 820 contulistis.
529 800 584 820 Unde
600 802 615 820 si

95 827 149 846 vultis
157 832 201 845 recu
214 832 264 845 erare
274 832 315 850 quae
323 826 342 844 in
351 832 402 847 auro,
411 828 430 844 et
436 828 518 850 argento,
527 829 546 845 et
552 826 616 851 lapidi-

92 853 128 872 bus
136 851 219 877 pretiosis
227 851 321 873 habuistis,
329 850 399 870 deferte
410 851 454 870 mihi
460 851 529 876 lapides
534 852 615 871 minutos

94 884 106 897 a
120 877 183 896 littore
195 876 264 895 maris?
289 876 344 897 Quod
357 882 415 900 quum
427 876 519 899 fecissent,
531 877 635 895 invocatw·

95 902 185 922 Trinitate
194 901 268 920 Domini
277 907 370 920 eonversae
378 901 446 920 suntin
454 907 541 926 gemmas.
569 902 617 921 Item

95 928 142 947 dixit
154 927 186 949 eis,
198 929 210 937 ‘¹
217 926 292 945 Deferte
305 926 349 945 mihi
362 926 422 951 virgas
434 929 493 945 rectas
506 927 524 945 in
541 927 616 951 singulis

94 952 174 972 fascibus
178 952 193 973 ;'‘
210 951 260 976 quod
269 957 327 976 quum
335 951 427 973 fecissent,
435 951 520 970 invocata
527 952 617 970 'hinitate

96 977 171 997 Domini
180 982 273 995 conversae
285 978 328 995 sunt
340 976 359 994 in
372 981 443 995 aurum.
468 976 521 995 Tunc
534 977 579 995 dicit
591 977 617 995 eis

94 1003 172 1022 Sanctus
192 1001 299 1026 Apostolus,
323 1004 334 1011 “
340 1001 375 1020 Pei·
396 1004 468 1026 septem
488 1001 525 1020 dies
542 1002 567 1020 ite
583 1008 616 1026 per
623 1005 635 1012 ³¹
