806 1298
142 111 175 123 xV1.
199 106 284 123 Minoum-1
296 111 316 123 nt
328 112 361 123 aer.
374 111 407 123 ινιτ,
419 111 438 122 m·
449 111 494 123 nur.
505 111 557 123 nos-r.
591 107 623 123 4⁹⁷

76 150 139 168 Simon
149 149 201 171 dixit,
209 152 221 160 ‘¹
228 150 291 168 Caesar
300 150 356 171 Nero,
365 149 408 168 audi
416 155 446 167 me
454 156 458 168 :
471 150 516 168 istus
524 150 599 168 insanos

76 181 87 192 a
99 178 117 192 te
129 180 199 199 separa,
211 177 232 192 ut
245 174 289 192 dum
302 181 369 193 venero
381 174 405 192 ad
419 175 492 193 Patrem
504 180 566 193 meum
579 174 598 193 in

75 199 132 221 coelis,
140 199 208 223 possim
217 199 250 217 tibi
258 206 298 217 esse
306 199 409 224 propitius.”
435 200 539 223 Imperator
547 199 599 220 dixit,

74 227 86 234 “
93 225 117 242 Et
130 224 179 243 unde
192 224 227 242 hoc
239 224 345 248 probamus,
356 225 399 248 quia
411 224 429 242 in
442 224 509 242 coelum
521 224 599 242 vadis¹!”

76 249 139 267 Simon
146 249 198 271 dixit,
206 251 217 259 *Α
225 249 273 267 ‚lube
282 252 351 267 turrem
360 249 452 267 excelsam
460 249 499 267 fieri
508 255 531 267 ex
540 249 600 273 lignis.
607 252 612 259 ¹

76 277 95 292 et
105 274 187 292 trabibus
200 274 277 298 magnis,
289 276 308 292 et
319 274 363 298 poni
376 274 395 292 in
409 274 479 298 Campo
493 274 568 295 Martio,
579 276 600 292 ut

75 299 174 317 ascendam
187 299 206 317 in
221 299 277 320 illam,
292 301 311 317 et
326 305 384 323 quum
400 299 419 317 in
435 305 476 317 eam
492 299 600 320 ascendero,

75 324 169 348 imperabo
183 324 251 348 angelis
266 324 317 346 meis,
332 327 352 342 nt
367 324 480 342 descendant
494 324 517 342 ad
532 330 562 342 me
577 324 600 342 de

75 349 130 370 coelo,
138 351 157 367 et
166 349 232 367 tollant
240 355 270 366 me
277 349 295 367 in
304 349 372 367 coelum
381 349 405 367 ad
417 349 490 367 Patrem
502 355 570 370 meum,
580 351 601 367 ut

75 374 121 392 scias
130 380 160 392 me
168 374 192 392 de
201 374 251 392 coelis
260 380 298 392 esse
308 374 388 392 missum.
415 374 457 392 Non
467 374 516 392 enim
525 374 544 392 in
551 376 600 392 terra
607 376 619 384 ¹'

76 399 124 417 inter
131 401 238 422 peccatores
247 399 271 417 ad
278 404 308 416 me
317 399 378 417 venire
389 399 483 423 possunt.”
508 398 559 417 Nero
568 399 601 417 im-

74 426 149 448 perator
160 423 212 445 dixit,
223 423 287 441 “Volo
299 423 366 445 videre,
378 424 393 442 si
404 423 469 447 imples
478 423 529 447 quod
540 423 600 442 dicis?

76 448 140 466 Simon
158 448 259 472 respondit,
275 448 342 466 “Jube
359 454 403 472 ergo
423 448 500 466 celerius
516 448 563 470 fieri,
580 451 600 466 ut

75 473 152 491 videas?

99 498 153 516 Tunc
168 498 218 516 Nero
230 498 318 522 praecepit
332 498 351 516 in
363 498 434 522 Campo
450 498 518 516 Martio
535 498 599 516 turrim
607 500 619 508 '¹

74 523 167 541 excelsam
182 522 228 544 fieri,
242 525 261 541 et
274 523 368 547 praecepit,
383 525 403 541 ut
418 529 482 541 omnes
497 523 567 547 populi,
582 525 601 541 et

74 554 138 566 omnes
147 547 245 572 dignitates
251 548 274 566 ad
282 548 330 566 istud
339 548 465 572 spectaculum
475 548 599 566 convenirent.

73 572 137 591 Altera
152 578 195 591 vero
209 571 238 591 die
255 573 306 591 Nero
321 573 426 601 imperator,
440 579 483 591 cum
497 576 568 595 senatu,
581 575 599 591 et

73 598 146 621 equites
164 597 248 619 Romani,
265 600 285 615 et
301 603 361 616 omnis
376 598 462 622 populus,
477 600 568 616 venerunt
580 598 600 616 in

73 623 144 647 Campo
154 622 222 640 Martio
233 622 257 640 ad
266 622 398 646 spectaculum,
407 625 426 640 et
436 628 493 646 quum
506 623 597 641 venissent
604 625 617 633 ’”

73 647 159 669 universi,
168 650 213 665 tunc
222 647 240 665 in
250 647 300 665 omni
309 647 344 665 hoc
355 650 447 665 conventu
456 647 511 671 jussit
521 647 600 671 impera-

73 675 103 690 tor
111 672 186 690 Petrum
196 675 215 690 et
221 672 299 690 Paulum
309 672 421 696 praesentari,
429 676 448 690 et
454 672 515 690 statim
524 672 599 691 adducti

74 700 117 715 snut
126 699 169 715 ante
177 703 226 718 enm,
235 697 301 721 quibus
310 697 335 715 sic
344 697 375 718 ait,
385 699 396 707 “
402 697 457 715 Nunc
466 697 522 716 habet
533 698 599 716 veritas

73 722 178 746 appamrel'
208 722 273 740 Petrus
294 725 313 740 et
335 722 402 740 Paulus
424 722 516 744 dixerunt,
537 725 549 733 “
556 723 599 741 Non

73 753 116 765 eum
130 753 164 765 nos
178 746 285 770 detegimus,
299 747 331 765 sed
345 747 434 765 Dominus
447 747 501 765 Jesus
514 747 598 765 Christus
605 750 617 758 ¹¹

72 772 121 790 filius
134 772 174 793 Dei,
186 777 241 795 quem
255 771 285 790 hic
298 778 317 789 se
330 772 389 795 ipsum
403 778 443 790 esse
456 772 543 790 mentitus
556 773 599 790 est.’'

74 797 99 815 Et
110 802 210 814 conversus
222 796 289 814 Paulus
298 796 321 814 ad
333 797 408 814 Petrum
417 797 469 818 dixit,
478 799 489 806 “
498 797 563 815 Meum
572 800 600 815 est

72 821 149 846 genibus
157 821 220 845 positis
228 821 288 839 Deum
298 827 384 843 exorare3
399 824 451 839 tuum
458 825 486 840 est
495 822 598 846 impetrare,

72 846 87 864 si
98 846 144 870 quid
156 846 222 864 videris
234 846 327 864 Simonem
340 847 408 867 conari,
418 847 505 870 quoniam
518 850 538 865 tu
550 847 599 871 prior

71 871 142 889 electus
154 877 173 889 es
186 877 197 889 a
211 871 305 889 Domino.’'
331 871 356 889 Et
368 871 431 895 positis
444 872 520 895 genibus
534 872 598 890 orabat
605 875 617 883 ¹·

72 896 140 914 Paulus
150 902 211 914 coram
221 896 271 914 omni
280 896 355 920 populo>
381 896 447 914 Petrus
453 899 516 914 autem
523 897 599 915 intuitus

71 923 100 939 est
109 921 203 939 Simonem
212 920 281 942 dicens,
289 923 300 931 “
308 921 377 945 Incipe,
386 921 436 944 quod
449 921 525 945 coepisti,
535 928 600 946 appr.)-

71 945 169 970 pinquabit
182 945 237 967 enim,
250 948 268 963 et
282 948 314 963 tua
325 946 411 967 detectio,
422 948 441 963 et
453 948 516 964 nostra
528 947 599 965 vocatio

71 971 95 989 de
107 970 142 989 hoc
154 970 230 988 saeculo.
256 970 314 988 Video
326 971 373 989 enim
387 970 480 989 Christum
493 977 522 989 me
534 978 601 990 vocan-

71 999 116 1017 tem,
124 998 144 1013 et
156 995 249 1013 Paulum.”
277 996 327 1014 Nero
338 995 391 1036 ἒὲχίῑ,
400 998 412 1006 “
420 996 444 1014 Et
453 1002 490 1020 quo
502 996 545 1014 ituri
556 997 599 1015 estis
606 1000 618 1007 ¹²

672 902 680 909 ι
