806 1298
220 110 270 126 xx'w.
285 107 376 126 LITURGIA
390 108 408 126 S.
422 108 492 126 heom,
593 109 630 128 549

79 153 149 177 dasque
158 153 251 171 victoriam
262 153 347 171 omnibus
356 153 388 177 qui
399 155 474 177 sperant
483 154 501 171 in
510 156 535 174 te,
544 153 630 175 Domine,

78 177 148 201 tibique
156 177 233 201 gloriam
242 177 337 196 referimus
346 180 365 195 et
373 178 474 201 unigenito,
484 178 514 196 ὅτε,

103 202 193 220 Poruuis.
218 202 284 220 Amen.

102 226 196 245 Snemmos
208 232 320 245 mennam-us.
347 227 501 251 Quandoquidem
513 229 535 245 tu
546 227 630 245 vivorum

77 253 97 269 et
103 253 218 269 mortuorum
226 251 330 273 dominaris,
335 254 429 269 memento
436 252 511 270 Patrum
516 254 629 273 sanctorum,

78 275 218 300 Prophetarum,
227 276 364 300 Apostolorum.
371 276 472 300 Virginum,
479 276 578 294 Genitricis
587 276 628 298 Dei,

75 300 154 318 «Ioannis
168 300 263 329 Baptistae,
278 300 373 325 Stephani,
387 300 498 325 Martyrum,
513 301 567 319 simul
584 307 627 319 cum

76 325 162 343 omnibus
168 325 228 349 justis,

101 350 187 368 EuwAus
201 356 267 368 vocam.
294 350 388 374 Rogamus
401 352 427 371 te,
441 350 525 371 Domine,
537 352 559 368 ut
572 350 628 368 robur

77 374 110 393 des
124 375 238 399 impotentiae
252 377 332 393 nostrae:
349 374 430 398 adjunge
444 380 478 392 nos
492 375 548 393 coetui
562 375 629 399 primo-

76 399 181 423 genitorum
201 399 334 424 descriptorum
351 399 369 417 in
387 399 443 417 coelis.
477 400 547 417 Eorum
566 402 628 417 autem

76 424 271 442 commemorationem
287 424 370 445 sancitum,
383 426 404 441 ut
419 424 474 442 etiam
488 424 522 448 ipsi
538 430 628 442 memores

76 448 134 466 nostri
143 448 179 466 sint
190 454 252 466 coram
264 451 289 470 te,
298 451 317 467 et
329 448 466 466 communicent
479 448 574 466 nobiscum
584 449 627 467 huic

75 472 165 491 sacrificio
180 473 274 497 spirituali,
288 473 311 491 ad
327 473 485 490 conservationem
501 473 590 494 vivorum,
604 474 627 491 ad

76 497 230 515 confortationem
243 503 307 515 eorum
320 497 351 521 qui
364 497 412 515 iuter
425 503 459 515 nos
471 500 568 521 aegrotant,
577 500 596 515 et
604 498 627 515 ad

74 522 158 546 requiem
172 522 254 540 fidelium
267 522 299 546 qui
314 522 442 540 decubuerunt
455 522 536 543 Patrum,
549 521 626 540 fratrum

75 549 94 565 et
107 547 236 570 magistrorum
248 549 359 568 nostrorum,
369 552 403 570 per
415 546 499 570 gratiam,
510 548 529 564 et
540 547 628 565 miserati-

74 577 119 589 ones
127 571 216 595 unigeniti
223 571 262 589 Filii
271 571 304 593 tui,
311 573 330 589 et
338 571 415 595 Spiritus
424 571 450 589 tui
460 571 524 592 sancti,
530 577 586 593 nunc,
594 572 625 589 ἃς.

102 596 190 614 Poruuis.
216 596 281 614 Amen

101 620 195 638 Sscmmos
213 626 325 638 mutianus.
352 620 448 638 Memento
465 620 527 641 etiam,
542 620 627 649 Domine,

75 645 178 663 Praesulum
196 651 287 666 verorum,
302 651 366 663 eorum
384 645 415 668 qui
432 651 443 662 a
458 644 528 663 Jacobo
546 645 627 671 principe

75 669 215 694 Episcoporum,
222 676 281 693 usque
290 669 314 687 ad
322 669 370 687 hanc
379 669 434 691 diem,
441 669 564 687 orthodoxam
570 669 626 688 fidem

75 695 94 712 in
103 694 190 712 Ecclesiis
199 694 235 712 tuis
244 694 405 712 confirmaverunt.

100 719 186 737 Enevms
206 725 272 737 vocam.
307 719 415 737 Doctrinam
436 719 533 737 illustrium
553 719 626 737 illorum

75 743 179 765 doctorum,
195 744 226 767 qui
242 745 363 767 portaverunt
380 749 447 761 nomen
464 746 517 761 tuum
535 746 626 765 sanctum,

74 774 137 786 coram
151 768 230 792 populis,
242 768 321 792 regibuS‚
334 770 353 786 et
366 767 408 786 filiis
422 768 485 789 Israel,
498 768 516 785 in
530 768 626 786 animabus

73 793 141 811 nostris
158 792 260 811 confirma:
282 792 361 810 haereses
378 792 431 810 nobis
447 792 558 816 perniciosas
575 798 625 810 com-

74 817 145 841 prime:
162 819 181 835 et
193 819 261 846 praesta
273 817 326 835 nobis
337 819 359 835 ut
372 817 470 835 consistere
483 817 553 840 absque
566 823 626 841 repre-

73 842 161 860 hensione
178 842 269 866 possimus
286 847 347 859 coram
364 841 450 859 tribunali
466 844 499 859 tuo
515 842 623 860 tremendo:

73 866 117 890 quia
130 869 204 884 sanctus
217 872 243 888 es,
256 868 275 884 et
288 866 412 884 sanctificator
424 868 541 887 sanctorum·,
555 866 624 890 tibique

73 891 151 915 gloriam
159 890 260 912 referimus,
269 893 288 910 et
296 891 390 915 unigenito
400 890 445 909 Filio
454 893 493 912 tuo,
502 891 533 909 Ele.

100 915 188 934 Porunus.
214 916 279 933 Amen.

100 940 195 958 &cennos
202 946 315 958 mcum-rus.
340 940 443 961 Memento,
450 940 534 961 Domine,
542 940 625 959 omnium

74 970 98 983 ex
107 964 176 983 Ordine
186 964 321 986 Ecclesiastico,
328 965 359 988 qui
365 964 384 982 in
391 964 428 983 fide
437 964 547 983 Orthodoxa
554 964 625 988 pridem

74 989 159 1008 obierunt
174 992 193 1007 et
208 989 329 1014 quieverunt:
349 991 367 1007 et
385 989 522 1013 cujuscumque,
538 995 572 1013 pro
587 995 625 1014 quo
