806 1298
188 96 232 108 xxx.
246 90 337 108 Liruxom
351 90 368 108 S.
383 90 483 108 MATTuAEi.
580 90 617 108 615

63 138 124 154 torum
139 136 224 158 director,
235 138 254 154 et
265 136 358 160 justorum
371 136 437 157 honor,
449 136 473 154 da
486 136 539 154 nobis
550 136 616 155 intelli-

63 161 131 185 gentiae
140 161 205 179 oculos
214 161 245 185 qui
254 163 272 179 te
281 167 353 185 semper
364 161 444 182 videant,
454 163 473 178 et
481 166 535 179 aures
544 167 586 185 quae
596 164 615 179 te

63 186 124 204 solum
139 191 211 210 semper
228 185 315 207 audiant;
335 187 433 210 postquam
448 185 517 203 satiasti
535 186 614 204 animam

63 213 145 228 nostram
161 210 221 234 gratia
237 212 275 228 tua.
301 210 338 228 Cor
357 210 448 228 mundum
467 216 509 228 crea
525 210 543 228 in
562 211 616 229 nobis

65 235 150 256 Domine,
166 237 187 253 ut
204 235 350 259 magnitudinem
366 237 385 253 et
399 235 510 259 probitatem
525 237 577 253 tuam
593 241 615 253 ac

64 265 145 278 amorem
155 262 208 277 tuum
217 265 260 283 erga
269 259 352 278 homines
360 260 495 283 intelligamus:
508 259 543 277 fiat
551 260 617 278 volun-

64 286 92 302 tas
101 286 134 302 tua
142 290 197 308 super
210 284 288 302 animam
301 286 389 306 nostram,
398 286 417 302 et
428 286 510 302 mentem
521 290 586 308 puram
594 291 616 303 ac

64 311 134 327 rectam
147 309 207 327 tribue
220 309 272 327 nobis
285 309 316 333 qui
328 309 351 327 de
363 315 440 333 corpore
453 311 485 327 tuo
497 311 516 327 et
528 309 616 333 sanguine

65 336 97 352 tuo
111 334 228 357 sumpsimus,
241 334 288 352 servi
302 334 328 352 tui
341 334 426 355 humiles,
439 334 526 357 quoniam
538 340 616 358 regnum

65 361 125 380 tuum,
140 359 224 376 Domine.
250 359 313 376 Gloria
329 365 350 377 ac
365 358 470 376 benedictio
487 359 510 376 sit
525 359 580 380 Patri,
598 361 617 377 et

65 383 117 404 Filio,
127 385 145 401 et
154 383 228 407 Spiritui
241 385 312 405 sancto,
322 389 371 401 nunc
381 385 400 401 et
408 389 486 407 semper,
495 383 539 401 etin
549 383 619 402 saecula

66 408 182 426 saeculorum.

91 445 184 463 SAccnnos
193 451 253 463 mcrr:
268 445 346 463 Domine
356 445 406 463 Deus
417 447 486 466 noster,
494 445 557 463 lumen
565 445 619 463 inex-

65 469 166 493 tinguibile,
174 469 245 494 respice
257 475 312 493 super
323 475 386 487 servos
397 471 439 487 tuos
449 471 467 487 et
476 475 530 493 super
542 470 618 488 ancillas

66 496 113 515 tuas,
124 496 143 512 et
155 494 225 512 semina
236 494 255 512 in
267 494 353 512 cordibus
364 494 431 512 nostris
443 494 527 512 timorem
539 494 619 512 nominis

66 519 100 540 tui,
113 521 132 537 et
146 525 223 537 numera
237 525 268 537 eos
283 519 349 542 quibus
364 524 432 542 corpus
445 521 499 536 tuum
512 521 531 537 et
544 519 618 543 sanguis

66 546 109 562 tuus
118 543 172 562 datus
181 545 215 565 est,
224 546 245 561 ut
254 543 366 562 fructificent
374 543 394 561 in
403 543 555 562 benedictionem.
581 544 618 562 Fac

66 568 137 586 habites
148 569 167 586 in
179 568 213 586 illis
226 568 299 592 populis
311 568 352 590 tuis,
364 568 396 592 qui
411 574 432 586 ca
445 570 467 586 ut
478 574 532 586 suum
545 570 588 586 ante
599 570 618 586 te

66 593 161 614 inclinant,
169 593 233 611 tamin
242 592 322 611 maribus
334 599 390 616 quam
399 592 418 610 in
436 592 507 611 oeminis
516 595 534 611 et
546 593 618 617 pueris:

67 619 86 635 et
97 623 131 636 nos
144 618 199 636 etiam
211 617 246 635 illis
258 617 344 641 adjunge,
352 619 406 641 prote
419 623 435 638 e,
448 616 497 638 fove,
505 623 527 635 ac
536 617 619 641 guberna

67 648 102 661 nos
142 649 152 661 r
168 642 215 661 vires
232 642 335 666 principum
352 642 404 666 Ange
412 647 466 660 orum
485 644 564 660 tuorum.
589 642 619 660 Ab

67 648 152 685 omniffis
161 666 247 691 operibus
256 667 308 685 malis
316 672 381 691 separa
389 672 429 688 ῐιοε,
438 667 523 685 omnibus
534 667 620 691 operibus

68 692 121 710 bonis
137 692 228 716 conjunge
246 697 286 713 nos,
302 697 336 715 per
351 691 445 709 Christum
460 691 536 710 unicum
553 691 620 710 Filium

68 718 134 738 tuum;
152 716 188 738 cui,
197 718 216 734 et
227 716 268 734 Tibi
281 722 324 734 cum
336 722 358 734 eo
367 718 386 734 et
397 721 440 734 cum
451 716 469 734 S.
478 716 553 740 Spiritu,
561 716 621 740 gloria

68 744 88 759 et
99 741 165 763 honor,
174 747 230 763 nunc,
239 743 258 759 et
270 747 348 765 semper,
356 743 375 759 et
386 740 406 758 in
417 740 486 759 saecula
497 741 620 759 saeculorum:

69 766 134 784 Amen.
357 771 358 774 ¹

194 803 248 821 Totus
255 803 332 827 populus
340 802 383 821 dicit
391 802 499 821 comedendo.

95 827 179 849 Sanctus,
195 827 280 849 Sanctus,
293 828 378 849 Sanctus,
391 827 465 849 Trinus,
479 826 583 849 ineffabilis,
597 827 622 846 da

70 852 128 873 nobis,
137 855 157 870 ut
170 858 264 870 sumamus
276 853 331 870 vitam
356 858 376 870 er
386 852 422 870 hoc
435 858 502 876 corpus
513 854 573 873 tuum,
582 852 621 870 sine

68 877 138 901 judicio
147 883 151 895 ε
165 877 189 895 da
197 877 249 895 nobis
258 879 280 895 ut
289 877 343 895 fruct*
359 883 422 895 cemus
430 877 448 894 in
457 876 572 900 beneplacito
581 878 621 898 tuo,

70 904 89 919 et
100 901 171 920 fructus
184 903 247 920 noster
259 901 386 920 manifestetur
398 902 417 919 in
430 901 488 925 gloria
499 903 537 922 tua,
550 900 621 919 vivifica

69 932 104 944 nos
115 926 135 944 in
147 928 171 947 te,
181 928 202 944 ut
213 925 302 944 faciamus
314 926 429 944 voluntatem
440 928 497 944 tuam.
523 926 571 944 Cum
583 925 623 944 fide

69 951 177 969 invocamus
186 953 210 969 te.
236 951 290 969 Pater
299 953 318 969 et
326 956 403 975 regnum
413 952 465 969 tuum
475 950 555 975 petimus
563 957 567 968 z
581 956 622 969 san-

70 976 162 994 ctificetur
178 982 247 994 nomen
264 978 316 994 tuum
334 982 389 1000 super
405 981 445 997 nos,
462 975 549 999 quoniam
564 977 585 993 tu
602 981 622 993 es
