806 1298
222 121 271 134 xxvl.
285 115 375 134 erunom
388 115 406 133 S.
420 114 490 133 JAcom.
594 114 630 132 543

78 164 162 180 mortuus
180 167 199 179 es
216 167 249 186 pro
268 161 332 179 ovibus
349 161 391 182 tuis,
406 163 479 185 praesta,
496 160 582 182 Domine,
598 166 631 184 per

65 201 67 204 .
78 186 156 210 gratiam
163 189 214 204 tuam
223 186 305 210 requiem
313 185 405 204 defunctis
415 184 505 204 fideiibus.

105 211 177 235 Corpus
191 213 244 230 tuum
258 210 295 229 sitit
309 211 370 228 anima
384 216 432 231 mea,
447 210 535 228 accedere
549 210 573 228 ad
586 209 631 228 illud

79 242 158 257 vereor;
182 238 259 259 peccata
280 241 321 253 mea
342 237 441 253 tremorem
460 235 505 253 mihi
524 235 630 253 incutiunt:

77 261 181 284 expientur,
195 260 280 282 Domine,
293 266 326 284 per
343 260 459 278 clementiam
474 262 531 278 tuam
557 259 630 283 Corpus

78 287 132 303 tuum
143 287 162 303 et
174 285 247 309 sanguis
259 287 302 304 tuus
313 291 356 309 quse
367 285 477 308 accepimus,
486 284 522 302 sint
534 284 586 303 nobis
595 284 629 306 via,

78 312 98 328 et
110 310 203 332 transitus,
214 312 236 328 ut
246 309 314 334 absque
326 309 391 328 timore
403 315 415 327 a
426 309 505 328 tenebris
517 311 631 327 transeamus

78 335 103 353 ad
111 335 177 353 lucem.
203 335 296 353 Gaudium
307 335 325 353 in
337 334 467 359 superioribus,
476 336 494 352 et
502 340 544 358 spes
555 334 604 352 bona
612 334 631 352 in

77 359 200 381 inferioribus,
209 365 242 384 per
250 359 352 378 oblationes
362 365 409 383 quas
421 359 491 377 faciunt
503 359 585 377 viventes
597 365 631 383 pro

79 384 171 402 defunctis
179 384 221 403 sui&

104 409 204 427 Dmcouus.
230 409 328 428 Mosrruu.
361 409 440 427 Oremus
461 411 559 433 postquam
581 408 630 433 digni

77 433 122 452 facti
131 440 194 452 sumus
206 434 297 458 suscipere
306 440 374 458 corpus
382 435 401 451 et
413 434 519 458 sanguinem
532 433 631 452 Salvatoris

78 458 136 476 nostri
143 465 147 476 :
162 458 213 482 quod
220 460 248 476 est
255 459 362 482 mysterium
369 458 472 482 pignusque
479 458 530 482 quod
537 458 632 476 descendit

79 483 102 501 de
119 483 173 505 coelu,
188 483 276 507 quodque
293 489 331 501 non
348 483 435 507 praeterit,
448 489 509 507 neque
526 483 630 501 destruitur,

80 508 165 529 Oramus,
173 510 195 526 ut
204 508 254 532 apud
263 514 297 526 nos
308 510 421 531 permaneat,
431 510 450 526 et
457 511 478 526 ut
487 514 522 526 nos
534 508 580 526 illud
589 514 631 526 cum

80 532 159 557 puritate
167 538 266 551 servemus.
293 532 356 551 Glon'a
365 533 446 551 Domino
454 532 480 551 illi
492 533 547 554 bono,
556 533 588 557 qui
597 538 631 551 nos

80 557 146 581 dignos
154 557 198 576 fecit
207 557 256 576 dono
265 557 297 575 illo
305 557 398 581 spirituali.

105 582 175 600 Iterum
181 584 236 606 atque
242 582 330 601 iterumin
336 582 495 600 consummatione
501 582 631 606 mysteriorum

79 607 156 625 istorum
178 609 284 625 sanctorum
305 606 416 625 confitemur
437 610 462 628 te,
484 607 563 625 Domine
586 607 630 625 Jesu

79 631 158 653 Christe,
175 633 250 656 propter
266 637 333 655 corpus
350 633 402 650 tuum
421 637 458 655 quo
476 631 540 650 cibfisti
557 637 597 653 nos,
613 634 631 650 et

79 656 187 680 sanguinem
196 659 249 674 tuum
258 662 296 680 quo
305 656 372 680 potasti
381 662 420 674 nos.
447 656 535 675 Miserere
546 657 603 675 nostri
612 659 631 674 et

79 681 147 700 exaudi
156 687 195 699 nos.

199 706 244 724 Alia
254 706 317 724 Oratio
324 706 426 730 gratiarum
434 706 512 725 actionis.

105 731 149 752 Ora,
168 733 241 749 assueta
260 730 347 749 alimento
367 737 390 749 ex
409 730 499 755 frugibus,
518 730 632 749 confitentur

79 755 157 779 gratiam
175 758 232 777 tuam,
250 761 283 779 per
303 761 358 780 quam
378 758 485 774 meruerunt
505 755 575 773 donum
596 755 631 773 hoc

80 780 161 801 coeleste,
169 780 220 805 quod
228 782 257 799 ost
265 786 332 804 eorpus
341 782 359 798 et
371 780 446 804 sanguis
457 780 546 804 unigeniti
557 779 590 798 filii
598 780 631 801 tui,

80 810 113 828 per
125 811 181 829 quem
193 808 212 824 et
224 810 266 823 oum
278 811 316 828 quo
325 807 344 823 te
356 805 415 826 decet,
424 805 483 828 gloria
493 807 512 822 et
520 805 580 823 honor
588 811 631 824 cum

81 829 150 853 Spiritu
159 832 191 847 tuo
200 831 270 847 sancto.

105 854 160 872 Panis
173 854 251 872 coelestis
263 854 341 875 Christe,
354 854 385 878 qui
397 854 503 872 humiliatus
514 854 561 873 adeo
573 861 598 876 es,
610 856 631 872 ut

80 884 129 897 esses
135 878 187 897 nobis
194 879 245 897 cibus
252 879 284 902 qui
290 885 328 897 nou
335 879 392 903 perit:
406 885 430 898 ne
436 878 492 897 facias
500 879 543 897 utin
551 879 631 897 adventu

80 906 113 922 tuo
130 903 212 921 secundo
229 903 339 922 devoremur
356 903 379 921 ab
394 903 436 927 igne
451 903 596 927 inextinguibili:
613 906 632 922 et

80 927 180 947 referemus
192 928 224 946 tibi
235 928 316 949 laudem,
325 928 356 946 &a
383 928 463 947 Benedic
476 928 560 946 omnibus
572 928 631 950 nobis,

80 958 170 971 conserva
178 958 242 971 omnes
251 958 285 971 nos
294 959 298 970 :
312 958 398 972 succurre
410 953 462 971 nobis
473 953 570 971 omnibus.-
583 953 631 971 viam

80 977 122 995 vitae
131 980 151 995 et
159 977 222 995 salutis
231 977 336 996 demonstra
345 978 396 996 nobis
405 984 409 996 :
423 978 584 1002 miserationesque
593 981 630 996 tuae

80 1005 99 1020 et
105 1002 203 1020 clementia
208 1004 240 1020 tua
245 1002 281 1020 sint
286 1008 341 1026 super
347 1008 380 1020 nos
388 1008 457 1021 omnes.
479 1003 550 1021 Fratres
556 1009 631 1027 quoque
