806 1298
176 133 241 146 xxxin.
255 127 345 146 eruncu
358 133 384 145 ΧΠ
398 128 538 146 Aron-omnum.
596 128 630 145 651

84 173 169 194 Domine,
179 173 203 192 ad
212 173 300 191 auxilium
309 179 374 191 eorum
382 180 387 191 ι
400 173 458 191 libera
466 173 521 191 etiam
531 179 562 191 eos
572 180 583 192 a
591 173 635 191 dolo

84 198 180 222 tyrannico
194 200 213 216 et
226 204 237 216 a
250 198 309 216 Belial
322 198 416 222 spirituali,
429 201 450 216 ut
464 201 598 222 praeserventur
612 198 635 216 ab

84 222 153 240 insidiis
169 225 188 240 et
204 223 370 241 machinationibus
390 222 471 241 hostium
489 223 577 241 Ecclesiae
597 225 635 241 tuae

84 247 155 265 fidelis:
168 249 190 265 ut
196 247 215 265 in
224 247 362 271 tranquillitate,
368 252 414 271 pace
421 250 440 266 et
446 248 546 266 concordia
554 247 635 266 studiose

83 274 102 290 et
110 274 249 296 perseveranter
257 272 358 291 referamus
366 272 399 290 tibi
407 272 490 296 gloriam,
500 272 532 290 διο.

110 297 213 318 Memento,
227 297 312 318 Domine,
327 299 346 315 et
359 297 432 315 illorum
446 297 478 321 qui
494 303 506 315 a
519 297 587 315 saeculo
603 297 635 315 tibi

85 321 201 346 placuerunt,
205 322 299 346 praecipue
305 324 380 344 sanctae,
386 322 476 346 gloriosae,
482 328 554 346 semper
558 322 637 346 Virginis

84 346 182 365 Genitricis
203 346 237 365 Dei
256 347 326 368 Mariae,
343 347 420 365 Joannis
437 347 530 371 Baptistae,
547 347 578 365 Ste
592 347 636 365 hani

84 371 170 395 principis
180 371 304 389 Diaconorum
313 373 332 390 et
343 372 494 395 protomartyris3
510 378 552 390 cum
561 378 581 389 re
589 372 635 395 'quis

86 396 188 420 Prophetis,
202 396 333 420 Apostolisque
345 396 418 417 sanctis,
431 399 450 414 et
462 396 544 420 patribus
556 396 590 420 piis
604 396 635 420 qui

85 421 175 439 obiemnt.
202 421 298 439 Memento
310 421 371 442 etiarn,
384 421 470 442 Domine,
480 421 561 439 omnium
572 420 637 439 defun-

85 448 158 464 ctorum
171 445 254 464 fidelium
266 446 297 469 qui
309 445 379 469 pridem
391 445 477 464 obierunt
486 448 504 464 et
513 445 536 463 ad
546 448 564 464 te
573 451 636 469 perve-

84 472 157 488 nerunt.
183 470 259 494 Suscipe
269 470 371 488 oblationes
380 470 430 491 istas,
439 476 481 494 quae
492 476 525 494 pro
534 470 569 488 illis
581 470 637 488 hodie

84 495 117 513 tibi
132 494 243 516 offeruntur,
258 497 277 513 et
290 495 383 519 quiescere
396 495 437 513 illos
451 495 480 513 fac
494 495 512 513 in
527 495 567 513 sinu
580 495 636 513 beato

86 519 191 538 Abrahami.
226 520 274 538 Cum
296 526 304 538 s
318 526 328 538 e
349 519 478 538 misericordiae
499 522 536 538 tuae
557 520 638 544 quietem

86 546 197 568 acceperunt
218 550 281 562 omnes
315 544 391 566 efuncti,
409 547 428 562 et
447 544 573 563 miserationes
590 550 601 562 a
618 546 637 562 te

87 571 203 593 exspectant,
217 569 267 587 Deus
282 571 345 587 noster
359 569 457 587 adorande.
484 569 554 587 Praesta
568 569 603 587 illis
618 571 639 587 ut

87 596 193 612 mereantur
204 594 267 612 audire
279 599 344 612 vocem
356 594 407 612 illam
421 594 517 615 vivificam,
528 600 570 618 quae
584 596 638 612 vocet

86 619 133 640 illos,
142 620 162 637 te
171 618 256 639 adducat,
266 620 324 642 utque
333 618 369 636 sint
377 618 448 637 invitati
457 618 481 637 ad
492 624 569 643 regnum
578 621 637 637 tuum.

87 643 173 662 Concede
180 643 235 661 etiam
246 643 297 661 nobis
306 643 377 661 exitum
386 643 511 667 tranquillum,
518 649 551 667 per
559 643 637 667 gratiam

86 670 144 690 tuam,
153 670 172 686 et
180 668 234 686 abole
242 668 354 692 insipientias
365 670 443 690 nostras,
451 674 485 692 per
496 668 637 687 misericordiam

87 695 144 711 tuam.

115 718 202 736 Emvms
211 724 279 736 vocon-
305 718 358 736 Unus
370 718 419 736 enim
431 717 466 736 fuit
479 718 510 742 qui
522 718 571 736 visus
584 717 641 736 fuerit

88 748 143 767 super
161 745 234 764 terram,
250 743 288 761 sine
303 745 387 767 peccato,
402 742 506 766 unigenitus
523 742 579 761 Filius
596 744 640 761 tuus

89 767 178 785 Dominus
194 769 257 785 noster
270 767 324 785 Jesus
338 767 428 788 Christus,
441 767 549 791 propitiator
562 773 640 791 magnus

87 792 159 816 generis
172 792 236 813 nostri,
249 791 288 816 ipse
301 798 335 816 per
349 798 404 815 quem
418 794 437 809 et
450 797 484 810 nos
497 791 639 810 misericordiam

88 817 171 835 obtinere
180 822 280 845 speramus,
290 819 309 834 et
320 816 446 834 remissionem
457 819 576 841 peccatorum
589 819 639 834 nost-

88 847 152 860 rorum
161 844 180 859 et
188 841 267 859 illorum.

114 866 202 884 Poeuws.
229 866 315 886 Quietem
324 868 396 894 praesta.

114 891 213 909 SAemoos.
240 891 297 909 Nobis
310 891 366 909 etiam
379 893 398 909 et
410 891 445 909 illis
458 893 498 909 esto
512 891 607 915 propitius,
621 894 640 909 et

90 916 205 934 condonatur
220 917 345 940 peccatorum,
362 916 447 937 Domine,
461 918 482 934 ut
497 916 515 934 in
532 915 591 937 nobis,
606 922 640 940 pro

89 940 148 962 nobis
158 942 176 958 et
188 943 264 965 propter
275 946 315 962 nos,
326 940 447 964 glorificetur,
455 940 546 962 laudetur,
555 943 574 958 et
582 940 641 958 hono-

89 968 140 984 retur
155 971 223 983 nomen
241 968 293 984 tuum
311 965 461 989 gloriosissimum
478 968 497 984 et
512 965 641 984 benedictum:

89 990 181 1014 simulque
193 990 268 1008 Domini
281 990 338 1008 nostri
351 990 395 1008 Jesu
408 990 481 1012 Christi,
490 992 509 1008 et
520 990 597 1015 Spiritus
606 990 641 1009 vivi

91 1017 109 1033 et
118 1015 182 1036 sancti,
191 1021 246 1033 nunc.

116 1040 204 1058 Popuws
231 1040 285 1058 Sicut.
