806 1298
193 125 222 137 κν.
232 120 315 137 Erimus
327 120 382 137 mm
392 125 412 137 m-
420 120 496 137 Lam-m.
583 120 615 137 419

72 165 124 189 cujus
142 164 205 183 audito
220 165 294 183 nomine
313 170 388 189 serpens
402 164 520 189 conquiescit,
537 165 593 183 draco

73 189 125 214 fugit,
134 190 174 208 silet
182 190 250 214 vipera,
259 192 278 208 et
286 190 350 208 rubeta
362 190 400 212 iila,
413 196 455 214 quae
468 189 534 208 dicitur
541 196 592 212 rana,

74 215 136 239 quieta
149 215 242 240 torpescit,
257 217 276 234 et
290 215 372 240 scorpius
385 215 503 239 extinguitur,
518 214 592 240 regxssus

73 240 157 262 vincitur,
172 243 191 259 et
204 240 271 265 phalari
285 240 312 258 ‘us
325 240 370 258 nihil
382 240 458 258 noxium
471 242 563 264 operatur,
573 242 592 258 et

73 266 134 284 omnia
140 271 217 287 venena,
222 267 241 283 et
248 265 271 284 ad
285 271 308 284 uc
313 265 403 284 ferociora
408 265 495 289 repentia,
500 267 519 283 et
523 265 591 283 anima,-
599 267 604 276 ¹

72 290 98 309 iia
113 291 168 309 noxia
183 290 308 312 tenebrantur,
323 293 342 309 et
355 296 419 309 omnes
432 290 512 309 adversas
529 290 591 308 salutis

74 315 160 334 humanae
168 315 238 334 radices
246 317 335 334 arescunt.
360 315 390 334 Tu
398 315 485 339 extingue
494 315 529 333 hoc
538 321 593 333 vene-

74 347 124 363 num,
129 340 184 362 viruS,
189 340 275 365 extingue
281 340 396 365 operationes
402 340 510 362 mortiferas,
516 342 534 358 et
539 340 591 362 vires,

74 371 120 390 quas
127 365 145 384 in
155 372 174 384 se
183 365 244 387 habet,
253 371 322 384 evacua
329 365 348 383 in
357 367 457 390 conspectu
466 364 550 383 omnibus
559 365 592 387 bis,

73 397 120 415 quos
129 393 149 409 tu
158 390 228 412 creasti,
237 390 301 409 oculos
309 392 330 408 ut
338 390 417 412 videant,
426 392 445 408 et
454 396 486 408 cor
494 392 515 408 ut
523 390 592 414 magni·
599 392 611 400 ¹·

74 415 156 434 tudinem
177 418 228 434 tuam
248 415 366 440 intelligant.”
391 415 416 434 Et
433 421 490 439 quum
511 415 593 437 dixisset,

74 444 135 459 totum
152 441 270 465 semetipsum
283 441 354 459 ornavit
368 441 420 465 signo
435 440 504 462 Crucis,
517 443 536 459 et
549 440 593 458 bibit

75 472 129 484 omne
135 465 185 490 quod
190 467 229 484 erat
236 466 255 483 in
263 466 326 487 calice,
331 468 349 483 et
354 468 419 490 postea
426 471 480 489 quam
487 465 537 487 bibit,
543 465 593 487 dixit,

74 493 86 501 ¹‘
93 491 138 509 Peto
152 492 172 509 ut
184 493 259 515 propter
272 496 318 515 quos
334 490 371 508 bibi
388 492 518 509 convertantur
534 490 557 508 ad
574 492 593 508 te

74 516 159 537 Domine,
168 518 187 534 et
195 516 272 534 salutem
281 521 324 540 quae
332 515 382 540 apud
390 518 408 534 te
415 518 448 537 est,
455 515 592 533 teilluminante
600 517 611 525 ¹*

74 541 193 559 mereantur!¹

99 565 220 584 Attendentes
226 568 287 584 autem
293 565 356 590 populi
363 565 374 584 J
375 571 453 583 oannem
459 571 491 589 per
497 567 535 583 tres
540 565 594 584 horas

75 591 146 609 vultum
155 590 222 609 habere
233 590 315 612 hilarem,
327 593 347 608 et
357 590 408 609 nulla
416 590 489 615 penitus
497 590 548 615 signa
555 590 594 615 pal-

74 616 123 638 iuris,
132 618 165 634 aut
173 615 313 640 trepidationem
325 615 430 637 habentem,
443 615 521 634 clamare
534 621 594 640 coepe-

74 643 130 659 runt:
143 641 196 659 Unus
209 643 237 659 est
250 641 300 659 Deus
313 646 372 662 verus,
382 646 440 665 -quem
454 640 497 659 colit
507 640 613 659 Joannes.¹⁰

74 666 201 685 Aristodemus
209 668 270 684 autem
284 671 318 684 nee
331 666 356 684 sic
370 666 461 687 credebat,
470 666 502 684 sed
513 665 594 690 populus

75 691 183 716 objurgabat
195 697 243 709 eum.
262 691 296 709 me
302 693 363 709 autem
369 696 468 709 conversus
473 690 496 709 ad
503 691 515 709 J
516 696 594 709 oannem

75 716 127 738 dixit,
136 719 147 726 ‘¹
154 716 205 734 Inest
213 715 257 734 mihi
265 716 325 734 adhuc
334 715 423 734 dubitatio
431 722 436 737 ;
450 715 482 734 sed
489 716 504 734 si
512 716 556 734 istos
565 715 596 740 qui

75 747 108 766 per
121 741 156 760 hoc
169 747 261 759 venenum
274 742 340 759 mortui
353 743 403 762 sunt,
411 741 430 759 in
438 741 511 759 nomine
525 741 560 759 Dei
568 740 595 759 tui

75 766 188 788 excitaveris,
193 766 321 784 emundabitur
327 766 350 784 ab
356 765 405 784 omni
411 765 536 784 incredulitate
541 771 593 784 mens
600 768 612 776 ¹¹

76 793 132 810 mea.’¹
158 791 184 809 Po
198 791 223 809 uxi
230 793 291 809 autem
300 791 418 815 insurgebant
426 791 444 809 in
454 790 596 812 Aristodemum,

76 816 163 838 dicentes,
171 819 183 826 ⁴‘
201 816 308 834 ncendimus
316 819 341 837 te,
350 818 368 834 et
373 815 448 834 domum
454 818 511 837 tuam,
517 815 532 834 si
540 821 594 834 ausus

76 841 132 860 fueris
140 841 189 860 ultra
198 847 208 859 a
222 841 301 859 ostolum
315 841 348 859 Dei
361 840 379 859 in
392 843 425 859 tuo
438 847 522 859 sermone
534 840 595 859 facere

75 866 173 885 laborare?
213 866 264 884 idens
277 869 339 884 autem
352 866 434 884 Joannes
447 866 533 884 acerrime
542 865 596 884 sedit-

76 892 137 910 ionem
145 891 192 913 fieri,
200 891 284 909 omnibus
291 891 406 909 audientibus
414 891 445 913 ait,
453 893 465 901 ‘¹
472 891 532 910 Prima
539 893 567 909 est
571 891 594 909 de
601 893 614 901 '⁸

77 917 173 935 virtutibus
183 916 258 938 Divinis,
263 922 320 940 quam
326 916 409 934 videmur
413 916 478 934 imitari
484 916 595 940 patientiam,

76 948 109 966 per
114 948 170 966 quarn
175 941 223 960 ferre
228 941 319 966 possimus
326 941 461 959 incredulorum
468 941 595 966 insipientiam.

76 967 130 985 Unde
139 967 153 985 si
162 966 222 985 adhuc
234 966 360 984 Aristodemus
368 966 391 984 ab
400 965 507 985 infidelitate
517 968 595 987 tenetur,

76 992 168 1011 solvamus
183 991 242 1010 nodos
257 991 369 1010 infidelitatis
383 990 428 1015 ejus,
444 994 463 1009 et
477 991 520 1010 licet
538 991 596 1013 tarde,

76 1017 164 1036 faciamus
175 1019 236 1035 tamen
250 1022 293 1035 eum
305 1022 415 1041 cognoscere
427 1019 528 1035 creatorem
536 1022 595 1034 suum.
602 1019 615 1027 ¹·
