806 1298
201 114 244 127 xxx.
259 108 349 127 Lnunnu
363 109 381 127 S.
396 109 496 127 Muri-nm.
590 109 625 128 611

75 160 145 176 eorum,
154 154 258 179 portionem
267 154 326 173 tribue
335 155 360 173 eis
369 155 401 178 qui
410 155 433 173 de
442 154 552 172 miraculosa
563 161 626 173 mensa

75 181 108 197 tua
116 185 187 197 sumere
199 179 276 198 veniunt
286 185 320 203 pro
332 180 399 197 mentis
410 179 525 203 purgatione,
534 181 553 197 et
561 185 627 203 pecca-

75 206 136 223 torum
153 204 265 225 remissione,
282 204 388 228 unioneque
406 204 482 228 Spiritus
498 204 515 221 S.
530 210 552 222 ac
567 204 627 222 salute

75 229 141 246 animae
151 231 170 246 et
179 228 267 252 corporis,
276 230 295 246 et
303 228 411 247 haereditate
421 228 472 252 regni
482 228 576 250 coelorum,
583 235 627 247 cum

75 253 146 271 honore
158 255 177 271 et
189 253 290 275 voluntate,
302 259 334 277 per
346 253 421 271 unicum
433 253 498 271 Filium
510 256 573 275 tuum;
592 254 628 274 cui,

76 280 96 296 et
104 278 146 296 Tibi
155 284 197 296 cum
207 283 236 299 eo,
242 280 261 295 et
270 284 312 304 curn
322 278 390 302 Spiritu
399 278 417 296 S.
425 277 465 295 laus
474 279 494 295 et
502 277 565 301 gloria,
572 284 628 299 nunc,

77 305 96 320 et
104 308 182 326 semper,
191 304 210 320 et
218 302 237 320 in
246 302 315 320 saecula
323 302 440 323 saeculorum,
448 302 513 320 Amen.

102 328 157 346 Drcx'r
166 333 288 345 sunum-:onus
297 333 335 345 cvm
345 333 426 345 rorum:
440 327 537 345 Exercitus
548 327 629 351 Angelo-

77 358 118 370 rum
135 352 234 370 salvatoris
251 351 315 370 mundi
334 354 384 370 stant
404 358 466 370 coram
483 357 512 373 eo,
529 354 548 370 et
564 352 629 375 legunt

78 382 145 401 corpus
153 379 172 394 et
181 376 289 400 sanguinem
299 376 372 394 Domini
381 379 400 394 et
409 377 507 394 Salvator-is
518 377 575 394 nostri
584 377 595 395 J
596 383 629 395 esu

77 401 158 419 Christi:
172 401 281 419 accedamus
293 403 336 419 ante
349 400 415 419 faciem
427 401 472 425 ejus5
483 403 501 419 et
510 401 528 419 in
537 401 574 419 fide
586 407 629 419 eum

78 432 200 444 revereamur.

104 451 198 469 Ducorws
208 456 268 468 meir:
282 451 363 468 Adorate
372 451 433 468 Deum
442 457 485 468 cum
494 450 564 469 timore.

104 475 198 493 SAcmmos
212 481 271 493 mci'r:
288 475 367 493 Domine
381 475 431 493 Deus
444 475 567 499 omnipotens,
581 475 630 493 salus

79 500 146 518 animae
155 502 174 518 et
182 499 264 524 corporis
273 500 341 521 nostri;
356 500 387 523 qui
393 505 427 524 per
433 506 454 518 os
461 500 500 518 Filii
508 500 534 518 tui
541 500 629 523 unigeniti

79 524 154 542 Domini
166 524 200 542 Dei
212 526 230 542 et
242 524 343 542 Servatur-is
356 524 413 542 nostri
426 524 472 542 Jesu
484 524 557 546 Christi,
568 524 629 542 dixisti

79 549 128 567 Patri
145 551 209 567 nostro
227 549 288 570 Petro,
303 549 333 567 Tu
350 555 369 567 es
387 549 459 570 Petrus,
474 551 493 567 et
509 555 564 573 super
581 549 629 567 hanc

78 576 151 598 petram
164 573 259 591 aedificabo
271 573 373 592 Ecclesiam
384 579 450 595 meam,
462 576 480 592 et
491 577 551 598 portae
564 573 630 592 inferni

79 604 117 616 non
126 598 254 622 praevalebunt
264 598 350 616 adversus
362 604 402 616 eam
415 598 561 620 concutiendam,
571 601 589 616 et
598 598 630 616 tibi

80 623 128 641 dabo
142 623 202 641 claves
218 623 270 647 regni
284 623 384 644 coelorum3
402 629 532 647 quemcunque
547 623 631 647 ligaveris

80 654 102 666 su
115 654 135 666 er
147 650 221 669 terram,
234 647 268 666 erit
280 647 348 671 ligatus
362 648 380 665 in
396 647 454 669 coelis,
467 650 486 666 et
501 654 630 672 quemcunque

80 678 101 691 so
108 672 155 691 veris
164 678 219 696 super
227 674 301 693 terram,
310 672 344 690 erit
355 672 426 690 solutus
435 672 454 690 in
466 673 522 694 coelis,
531 673 568 691 siut
576 673 631 691 soluti

81 697 128 715 servi
133 698 160 715 tui
166 699 184 715 et
189 697 261 715 ancillae
267 699 310 718 tuae,
317 697 340 715 ab
347 703 378 715 ore
386 699 455 715 sanctae
462 697 561 719 Trinitatis,
567 697 631 719 Patris,

81 724 100 740 et
108 722 153 743 Filii,
162 724 181 740 et
189 722 266 746 Spiritus
278 722 343 743 sancti,
351 724 370 739 et
379 722 434 740 etiam
443 722 466 740 ab
478 728 509 740 ore
521 728 570 743 meo,
578 728 631 740 servo

82 749 115 765 tuo
124 749 222 770 peccatore
231 748 250 764 et
261 746 319 770 culpis
331 746 398 770 pleno:
416 746 495 765 Domine
507 747 557 765 Deus
569 749 632 765 noster

80 773 102 789 tu
110 771 158 789 tollis
164 773 241 795 peccata
246 771 317 792 mundi,
324 771 395 795 suscipe
402 771 530 795 poenitentiam
536 777 631 790 servorum

81 798 163 817 tuorum,
174 798 193 814 et
205 796 312 814 ancillarum
325 797 404 813 tuanim.
430 796 478 814 Oriri
490 795 520 814 fac
533 802 588 820 super
599 802 632 814 eos

81 820 145 839 lumen
157 820 213 842 vitae;
231 820 289 838 evelle
300 820 323 838 ab
335 821 360 838 eis
373 822 451 844 peccata
463 826 533 842 eorum,
545 820 632 845 quoniam

82 847 104 863 tu
115 851 135 863 es
146 845 247 863 misericors
259 847 278 862 et
289 845 391 866 miserator,
404 845 482 863 Domine
495 845 545 863 Deus
557 848 632 863 noster:

82 870 153 888 alienus
164 870 187 888 ab
199 870 232 891 ira,
240 869 337 888 abundans
349 870 477 888 misericordiae
486 872 505 888 et
515 876 557 888 vere
566 870 633 894 justus.

84 895 164 915 Quando
173 895 191 912 in
200 896 219 912 te
230 900 329 918 peccamus
342 894 420 912 Domine
430 897 462 912 aut
474 895 591 918 cogitatione,
601 897 633 913 aut

82 920 145 941 verbo,
154 921 187 937 aut
195 925 257 943 opere,
266 925 327 943 parce,
336 919 400 940 evelle,
407 921 426 937 et
433 922 537 943 compatere
546 920 633 943 quoniam

82 946 104 962 tu
112 950 132 962 es
140 944 243 963 misericors
252 946 271 961 et
282 943 378 962 hominum
390 946 466 962 amator.
493 944 571 962 Domine
583 944 634 963 Deus

83 971 146 987 noster
163 969 214 987 solve
231 975 266 986 nos
280 974 351 990 omnes,
366 970 386 987 et
401 974 465 987 omnes
482 969 562 993 populos
578 972 633 988 tuos:

83 994 134 1013 solve
149 994 227 1012 Domine
242 999 333 1011 summurn
349 993 458 1012 Pontificem
474 997 563 1015 nostrum,
577 994 601 1012 N.
615 997 634 1012 et
