806 1298
197 111 241 124 xxx.
255 105 347 124 Lmnmu
360 106 378 124 S.
392 105 492 124 Murum.
535 105 562 128 ζὶξ
586 106 623 126 587

72 154 91 170 et
102 152 170 176 gratiss
182 151 253 175 agendi.
279 151 316 170 Sed
327 151 387 170 solum
413 153 476 175 ruptor
487 151 624 171 multitudinem

72 176 210 194 miserationum
221 178 294 194 tuarum
306 182 361 201 parce
394 176 398 180 ”
413 176 419 194 i
431 176 516 198 Domine,
528 177 571 200 quie
582 183 626 201 pec-

73 203 125 219 cator
137 207 190 219 sum:
206 203 280 225 praesta,
293 203 312 219 et
325 201 407 219 concede
420 200 464 219 mihi
479 201 557 219 Domine
570 202 594 225 (si
607 202 626 220 in

72 225 120 244 hanc
138 225 204 244 horam
221 225 364 244 misericordiam
381 226 482 249 inveniam)
500 227 519 244 et
533 226 586 244 mitte
603 226 626 244 de

73 256 145 268 sursum
164 250 243 268 Domine
258 249 385 268 fortitudinem
402 252 460 271 tuam,
476 253 497 268 ut
513 253 546 268 tua
562 253 627 269 saneta

74 275 164 299 Mysterin
175 275 193 293 di
219 280 242 293 us
254 274 323 293 efficiar
335 280 469 296 consummare,
478 277 554 299 propter
562 275 627 294 volun-

73 302 131 318 tatem
138 301 157 317 et
163 299 246 317 laentiam
253 299 315 317 cordis
323 299 355 317 tui.
381 299 422 317 Fiat
429 299 525 317 incensum
532 302 551 318 et
557 300 627 318 oblatio

73 324 114 346 ista,
129 324 189 343 bonus
205 324 251 342 odor
267 324 286 342 in
301 326 402 348 conspectu
418 326 457 346 tuo,
471 326 490 342 et
505 326 532 346 tu,
548 324 627 343 Domine

74 351 136 367 noster
145 351 164 367 et
173 348 257 367 Salvator
269 351 331 367 noster
340 349 385 367 Jesu
397 348 476 370 Christe,
486 349 509 367 sis
519 349 627 371 nobiscum;

74 376 94 392 et
102 373 179 392 benedic
188 379 228 392 nos.
254 374 284 391 Tu
294 379 313 391 es
322 373 353 391 ille
364 374 396 397 qui
409 373 458 391 deles
469 376 546 398 peccata
558 376 627 396 nostra,

74 401 94 416 et
102 398 215 417 illuminator
223 398 289 416 animae
301 400 376 419 nostrae,
385 398 428 419 vita,
436 399 519 422 potentia
531 401 600 420 nostra,
609 401 628 417 et

73 423 159 441 introitus
169 424 242 444 nostem
257 422 289 440 tibi
301 423 371 447 agimus
382 423 449 446 gratias
461 429 520 447 usque
529 423 552 441 ad
563 423 626 442 sedem

75 450 133 469 tuam,
149 453 206 469 nunc,
223 450 242 465 et
258 450 337 471 sempter,
353 449 372 465 et
388 447 407 465 in
426 447 494 466 saecula
511 448 628 470 saeculorum,

74 473 142 491 Amen.

240 496 304 515 Oratio
312 503 365 521 cuper
373 496 465 515 patenam.

101 521 181 540 Domine
189 521 240 540 Deus
246 523 310 539 noster
318 521 363 540 Jesu
370 521 448 543 Christe,
455 521 487 545 qui
493 527 549 546 super
557 522 628 546 lignum

76 548 145 565 sanctae
155 546 219 564 Crucis
230 552 297 564 manus
308 548 349 564 tuas
361 546 465 568 extendisti,
474 546 500 564 sic
511 552 567 571 super
575 547 629 566 istam

76 573 163 595 patenam
172 571 257 592 extende,
267 577 304 594 qua
315 573 368 589 tuum
380 577 453 589 sacrum
464 577 531 595 corpus
539 571 629 590 ministra-

77 598 119 614 tur:
136 595 213 614 benedic
225 596 238 620 †
250 601 311 617 nunc;
329 595 424 614 sanctifica
436 598 456 614 et
467 596 537 614 munda
550 602 597 618 eam,
608 599 630 615 ut

79 626 146 645 corpus
155 622 209 638 tuum
216 622 300 638 sanctum
306 620 325 638 in
332 626 355 638 ea
361 620 472 644 perficiatur,
478 620 497 639 in
504 620 538 639 hac
546 621 630 640 Ecclesia

78 647 142 663 sancta
154 647 174 663 et
187 645 307 669 Apostolica:
325 645 413 669 quoniam
426 645 459 663 tibi
471 645 535 669 gloria,
548 648 567 664 et
579 646 629 664 Patri

78 672 111 688 tuo
125 669 201 691 coelesti,
214 676 257 688 cum
270 670 339 694 Spiritu
352 670 370 688 S.
384 670 444 692 vita1i;
458 676 507 688 nunc
521 672 539 688 et
551 676 629 695 semper,

79 697 98 713 et
105 694 125 713 in
133 694 202 713 saecula
210 695 328 716 saeculorum,
336 695 401 713 Amen.

247 719 310 738 Oratio
319 725 371 743 »εφη
381 719 463 738 Calicem.

105 744 183 762 Domine
196 744 247 762 Deus
259 746 321 762 noster
332 744 377 762 Jesu
389 744 462 763 Christe
470 748 538 768 ἀληθῶς,
547 745 578 769 qui
587 752 630 764 vere

80 769 136 790 Deus,
145 771 164 787 et
172 768 229 787 homo
238 768 298 787 factus
307 774 333 790 es,
341 770 360 786 et
368 775 464 793 nunquam
470 776 482 788 a
490 772 523 788 tua
531 770 630 789 Divinitate

79 796 174 818 separatus
182 793 238 815 fuisti,
245 795 264 811 et
272 793 380 817 sanguinem
389 795 442 812 tuum
449 795 549 818 pretiosum
555 797 632 819 propter

78 818 163 843 fragilem
180 820 283 838 creaturam
299 820 350 836 tuam
368 818 471 837 voluntarie
488 819 580 838 effudisti:
599 820 630 839 fac

79 849 136 865 nunc,
155 845 176 861 ut
195 849 260 861 manus
281 845 319 861 tuae
340 843 376 861 sint
396 849 451 867 super
472 843 522 862 hunc
544 844 631 864 Calicem.

80 869 93 893 †
105 868 185 886 Benedic
199 868 212 892 †
225 867 325 889 sanctifica,
336 868 349 892 ἡ·
361 870 380 886 et
392 867 470 892 pun‘fica
482 875 531 890 eum,
543 872 564 887 ut
575 869 593 888 in
608 876 631 888 eo

80 893 154 917 sanguis
162 895 205 911 tuus
217 894 291 911 sanctus
303 895 426 914 consecretur,
434 893 453 911 in
461 893 496 912 hac
508 894 591 912 Ecclesia
599 897 632 913 tua

80 917 199 942 Apostolica:
219 917 252 935 tibi
266 917 330 941 gloria,
345 923 388 936 cum
403 918 474 942 optimo
490 918 544 937 Patre
559 921 598 941 tuo,
613 922 632 938 et

79 942 148 966 Spiritu
159 942 177 960 S.
188 948 244 964 nunc,
256 944 275 960 et
286 948 364 966 semper,
374 945 393 961 et
403 942 423 960 in
434 943 503 961 saecula
514 943 631 966 saeculorum,

81 967 147 986 Amen.

106 992 213 1010 Benedictio
222 992 291 1016 puritas
297 992 310 1016 †
317 994 335 1011 et
342 992 421 1011 dulcedo
430 993 515 1011 omnibus
524 994 631 1018 sanguinem
