806 1298
176 112 212 130 522
251 112 315 130 Connx
328 112 449 130 Arocm'rnus
461 112 510 130 Novi
524 112 649 131 Tssnuanri.

176 160 196 175 et
206 157 312 175 inviolatam
323 157 418 179 obtinebit,
426 160 446 176 et
453 164 487 182 per
498 163 560 176 meum
571 157 659 176 dilectum
666 157 729 176 filium

177 182 306 200 Innocentium
318 182 444 206 approbatam,
454 185 476 200 ut
489 188 540 200 verus
550 183 586 200 mei
598 182 637 200 Filii
649 182 729 200 vicarius

178 206 243 225 debeat
255 207 274 225 in
285 207 337 225 terris
349 207 443 229 assentire,
452 207 502 231 quod
511 207 529 225 in
538 207 588 225 coelis
599 213 651 225 meus
662 207 729 225 statuit

176 231 233 250 semel
241 234 260 249 et
269 232 359 249 ordinavit
371 232 431 250 Filius.
457 232 513 252 Quod
524 232 582 256 quiin
591 235 654 250 sancta
664 238 728 256 peme-

176 256 245 274 verabit
262 256 372 278 ohedientia,
388 259 494 280 paupertate
509 259 528 274 et
543 257 632 278 castitate,
648 257 676 275 vel
694 257 727 281 qui

176 283 259 299 sanetum
271 281 345 299 intrabit
356 281 450 303 Ordinem,
459 281 563 299 salvabitur.
590 281 615 299 Et
626 281 640 299 si
652 281 682 300 alii
694 282 727 300 de-

176 306 254 324 votionis
267 312 323 324 causa
335 306 354 324 in
368 308 449 324 sanctam
464 306 589 330 ingrediantur
604 306 727 330 Religionem,

176 330 233 348 sancti
247 330 319 348 habitus
332 330 404 354 signum
416 330 502 352 ferentes,
515 330 629 354 appellantes
642 337 662 349 se
676 331 726 349 Con-

174 355 246 376 fratres,
265 358 284 373 et
305 355 418 373 Consorores
440 355 475 373 mei
497 355 570 373 Ordinis
590 356 727 379 praenominati,

175 379 275 398 liberentur
290 382 309 398 et
323 379 442 398 absolvantur
458 380 512 398 tertia
526 386 590 398 eurum
607 383 727 404 peccatorum

175 404 259 428 portione
274 410 284 422 a
299 404 328 423 die
344 410 381 428 quo
398 404 496 428 prael'atum
512 404 600 423 Ordinem
617 405 725 423 intrabunt:

177 429 285 450 castitatem,
305 435 347 453 quae
368 429 423 448 vidua
442 432 475 451 est,
494 429 631 453 promittendo:
653 430 726 454 virgini-

176 454 224 476 tatis,
233 460 275 478 quae
288 454 344 478 virgo,
353 456 381 472 est
392 454 449 472 fidem
461 454 579 478 praestando:
593 454 607 472 si
619 455 725 479 conjugata,

175 479 262 497 inviolate
283 479 429 497 observationem
448 479 558 497 matrimonii
576 479 686 501 adhibendo,
703 482 725 498 ut

175 506 240 522 sancta
258 506 318 522 mater
338 504 416 527 imperat
437 503 524 522 Ecclesia.
554 504 627 522 Fratres
647 504 725 528 professi

175 529 219 546 dicti
231 528 304 546 Ordinis
316 528 404 552 supplicio
415 528 511 546 solvantur
519 531 538 546 et
547 528 607 552 culpa,
616 531 635 546 et
643 529 678 550 die,
687 535 725 553 quo

175 554 209 577 ipsi
220 553 288 571 saeculu
302 553 396 574 recedunt,
407 559 428 571 ac
440 555 537 577 properato
545 553 608 577 gradu
621 553 725 572 accelerant

176 577 310 601 Purgatorium,
320 583 354 601 ego
363 580 421 595 mater
432 578 511 601 gratiose
524 578 634 596 descendam
644 578 725 596 Sahbato

189 604 218 620 ost
229 608 293 620 eorum
305 602 381 623 obitum,
390 604 409 620 et
421 604 467 626 quot
478 602 569 620 inveniam
580 603 599 620 in
611 603 725 627 Purgatorio,

182 627 261 648 iberabo,
275 629 294 645 et
309 633 340 645 eos
355 627 374 645 in
390 627 474 645 Montem
490 630 573 645 sanctum
589 627 631 646 vitae
649 630 724 646 aeternae

175 652 267 670 reducam.
293 652 360 670 Verum
369 652 419 676 quod
428 652 461 676 ipsi
470 652 576 670 Confratres
585 655 604 670 et
610 653 724 671 Consorores

175 679 273 695 teneantur
290 677 343 695 horas
361 677 421 695 dicere
438 677 553 698 Canoniales,
569 679 590 695 ut
605 683 651 701 opus
667 677 723 696 fuerit

174 701 276 720 secundum
286 702 368 725 regulam
376 701 437 719 datarn
447 702 469 719 ab
479 702 566 720 Alberto:
584 701 613 720 Illi
625 702 655 726 qui
664 702 722 726 ignari

174 728 224 747 sunt,
236 726 315 744 debeant
327 726 381 744 vitam
391 726 474 750 jejunam
485 726 553 744 ducere
564 727 585 745 iis
597 726 666 748 diebus,
676 733 723 751 quos

173 757 226 769 sacra
236 750 289 775 jubet
302 751 395 769 Ecclesia:
413 751 455 775 (nisi
469 751 580 770 necessitatis
594 757 655 773 causa,
667 752 721 770 alicui

174 778 236 794 essent
252 776 313 794 traditi
329 776 460 800 impedimento
467 776 480 800 z)
501 776 593 794 Mercurio
608 778 627 794 et
643 776 722 795 Sabbato

174 801 254 818 debeant
263 806 274 818 a
283 800 367 818 carnibus
377 801 474 822 abstinere,
483 803 606 824 praeterquam
616 801 634 819 in
640 801 676 819 mei
685 801 723 819 Filii

176 825 277 843 nativitate.
