806 1298
184 137 221 156 654
261 137 326 156 Consx
338 136 461 155 Arocurnus
474 135 524 154 Novr
537 136 662 154 Tnsnmzmz.

183 182 292 200 delictorum
309 187 399 200 meorum.
429 181 485 206 Aperi
501 181 546 199 mihi
562 181 642 205 pulsanti
656 181 735 204 januam

183 207 232 228 vitm,
249 208 268 224 et
286 206 371 230 princeps
390 206 507 224 tenebrarum
526 212 564 224 non
581 208 666 224 occurfflt
683 205 733 223 mihi.

183 230 227 249 Non
239 231 300 249 veniat
311 231 355 249 rnihi
366 237 399 255 pes
413 230 509 255 superbire,
518 232 537 248 et
550 236 616 248 manus
626 232 715 248 extranea
723 236 735 247 a

183 257 202 274 te
215 261 253 274 non
269 256 364 280 contingat
377 255 434 276 mihi;
452 255 485 273 sed
499 255 571 279 suscipe
586 261 616 273 rne
631 254 734 273 secundum

182 280 264 298 Verbum
274 282 334 302 tuum,
342 282 361 298 et
372 280 442 304 perduc
454 286 483 298 me
495 280 519 298 ad
530 280 625 298 comitium
637 279 734 303 epularum

183 307 263 326 tuarum,
276 305 307 323 ubi
318 304 417 329 epulantur
427 307 489 322 tecum
502 310 566 322 omnes
578 304 631 322 amici
645 304 677 322 tui.
703 303 734 321 Tu

183 335 203 348 es
211 330 260 348 enim
269 329 280 348 J
282 330 343 348 ESUS
352 329 478 348 CHRISTUS
485 329 540 347 Filius
547 329 591 347 DEI
600 329 641 350 vivi,
650 328 681 352 qui
690 334 735 346 cum

182 354 237 372 Patre
246 357 264 373 et
273 360 316 372 cum
326 354 393 378 Spirito
402 354 471 372 Sancto
483 354 527 372 vivis
536 355 554 371 et
563 359 629 377 regnas
638 353 656 371 in
665 353 736 371 saecuia

183 379 299 397 saeculorum.
325 379 390 397 Amen.

422 496 498 514 XXXV.

213 541 308 561 SYNODI
322 543 502 561 ANTIOCHENAE
516 542 705 561 APOSTOLORUM

376 576 495 594 CANONES
509 576 542 594 IX.

209 622 223 640 1.
237 622 263 640 Ut
278 622 374 640 credentes
388 623 406 640 in
424 622 523 641 Dominum
540 622 610 644 Jesurn,
624 628 671 646 quos
685 622 735 640 illius

182 647 270 671 temporis
295 646 378 665 homines
404 647 495 665 vocabant
518 647 611 668 Galilaeos,
635 647 735 665 Christiani

183 671 269 695 deinceps
278 673 394 689 vocarentur.
454 672 457 675 ’

209 696 234 714 ΙΙ.
248 696 274 714 Ut
287 696 374 720 baptizati
388 702 426 714 non
439 696 477 720 jam
493 696 667 714 circumciderentur
682 702 734 714 more

182 720 298 742 Judaeomm,
313 720 402 744 siquidem
416 721 439 738 sit
452 720 553 744 baptismus
567 720 681 739 circumcisio
695 726 734 739 non

182 751 239 763 manu
247 744 302 763 facta.

208 770 244 788 ΙΙΙ.
258 769 284 788 Ut
293 775 316 787 ex
326 770 376 787 omni
384 770 459 788 natione
466 772 485 787 et
491 776 558 794 genere
567 770 591 788 ad
599 769 656 788 fidem
665 770 734 788 Ortho-

182 795 251 813 doxam
259 794 405 812 admitterentur.

208 819 239 837 IV.
253 819 281 836 De
290 819 365 837 vitanda
373 819 449 837 avaritia
457 821 476 837 et
484 819 592 843 quaestubus
601 819 672 843 iniquis.

207 843 228 861 V.
242 843 270 861 De
277 843 321 861 vitio
327 843 376 867 gulae
383 843 491 865 coercendo,
499 844 640 867 curiositateque
647 843 733 861 ludorum

182 867 241 892 quiin
253 867 329 886 theatris
341 868 423 886 exhiberi
434 868 515 886 solerent
527 868 606 889 vitanda,
615 870 634 886 et
644 868 667 886 de
678 868 734 886 absti-

182 892 244 910 nendo
250 892 362 916 juramento.

206 917 239 935 VI.
253 917 281 934 De
290 917 364 935 vitanda
373 917 482 935 scurrilitate
490 919 509 935 et
517 917 598 935 moribus
606 917 695 941 gentium.

207 941 249 959 VII.
264 941 307 961 Quo
315 944 425 961 renovatum
434 947 455 959 ac
465 941 593 960 confirmatum
601 944 629 959 est
637 941 734 959 decretum

181 966 251 990 Synodi
264 966 444 990 Hierosolymitanae,
456 968 478 984 ut
489 966 601 984 abstinerent
613 966 709 984 Christiani
722 973 735 984 a

181 990 270 1014 sanguine
279 993 298 1009 et
306 990 398 1009 suffocato
408 993 427 1009 et
435 990 561 1009 fornicatione.

207 1014 260 1033 V111.
275 1015 304 1033 Ne
316 1015 430 1040 decipiantur
442 1015 505 1033 saivati
514 1015 538 1034 ob
549 1015 604 1036 idola,
613 1015 645 1033 sed
657 1015 735 1039 pingant
