806 1298
189 115 220 131 482
297 115 350 132 Gonu
362 116 467 132 Ammianus
479 115 521 131 Non
531 115 638 131 Turmwrr.

215 158 270 180 nesti,
278 161 297 177 et
305 165 343 177 non
348 158 460 183 dereliquisti
469 165 499 177 me
508 164 565 183 quum
574 158 618 177 irem
627 158 645 176 in
654 157 736 180 exilium,

215 186 234 202 et
242 183 326 206 redirem,
335 186 353 202 et
361 184 437 208 posuisti
447 184 472 202 uri
482 190 524 202 meo
531 184 606 202 verbum
612 183 692 202 veritatis
698 185 736 201 tuae

216 215 361 228 commemorans
373 215 402 227 me
413 209 515 228 testimonia
525 211 598 228 tuarum
612 209 706 230 virtutum,
717 210 736 226 et

215 234 277 258 scripsi
295 241 316 252 ea
329 241 390 259 opera,
404 241 446 258 quae
458 234 517 252 audivi
530 241 554 253 ex
567 240 598 252 ore
616 236 648 252 tuo
662 233 736 252 auribus

203 259 267 281 “meiS‚
280 262 298 278 et
311 259 347 278 vidi
355 259 412 278 oculis
420 260 469 278 meis.
496 260 521 278 Et
529 265 585 281 nunc,
593 259 679 281 Domine,
687 265 737 277 com-

216 284 284 303 mendo
292 284 340 303 filios
350 287 398 306 tuos,
406 291 453 309 quos
466 284 498 303 tibi
506 284 583 303 ecclesia
594 286 626 303 tua
634 284 685 308 virgo
694 289 737 302 vera

216 312 275 327 mater
287 316 320 334 per
333 315 400 334 aquam
410 312 429 328 et
438 310 450 328 S
463 309 524 328 iritum
534 310 623 328 Sanctum
637 308 737 333 generavit.

216 334 291 359 Suscipe
304 340 334 353 me
347 341 389 353 eum
402 334 453 353 fratri
467 341 488 353 us
497 335 542 353 meis
550 334 610 356 simul,
619 340 661 353 cum
665 334 737 363 'quibus

217 360 291 378 veniens
302 359 381 378 invitasti
394 366 429 378 me.
454 360 510 384 Aperi
523 359 567 378 milri
575 359 668 384 pulsanti'
660 365 737 383 januam

200 387 212 395 ¹·
219 385 267 407 vitae,
278 385 369 409 principes
382 385 498 403 tenebrarum
509 391 546 403 non
555 386 652 403 occurrant
659 384 710 406 mihi,
719 386 739 403 et

217 416 250 434 pes
263 410 358 434 superbiae,
371 412 390 428 et
403 416 468 428 manus
481 412 570 428 extranea
578 416 589 428 a
597 412 616 428 te
623 415 661 428 non
674 411 738 434 tangat

218 441 253 453 me.
280 435 316 453 Sed
329 435 400 460 suscipe
413 441 443 453 me
456 435 557 453 secundum
566 435 642 453 verbum
651 436 710 456 tuum,
719 437 738 453 et

217 460 298 484 perduce
311 466 341 479 me
353 460 377 479 ad
390 460 494 479 convivium
506 460 602 484 epularum
615 462 695 481 tuarum,
708 460 738 478 ubi

218 485 316 509 epulantur
332 487 393 504 tecum
411 492 475 504 omnes
490 485 544 504 amici
556 485 588 503 tui.
614 485 644 503 Tu
656 491 676 503 es
690 485 738 503 enim

200 513 212 521 ¹·
219 510 302 529 Christus
310 510 359 529 filius
368 511 408 532 Dei,
417 517 459 529 cum
473 510 526 528 Patre
538 513 577 532 tuo,
586 512 604 528 et
619 516 661 528 curn
670 510 739 534 Spiritu

218 535 286 553 Sancto
304 535 354 557 vivis,
372 538 391 554 et
408 541 473 559 regnas
490 535 509 553 in
527 535 596 553 saecula
614 534 739 553 saecffloruml'

218 560 318 584 Quumque
330 560 389 579 omnis
400 560 480 584 populus
488 560 624 584 respondissent
631 560 697 582 Amen,
705 560 738 578 lux

218 587 270 603 tanta
285 585 369 610 apparuit
384 591 440 610 super
454 585 564 609 Apostolum
579 591 612 609 per
627 591 683 603 unam
699 585 739 603 fere

218 610 289 632 horam,
302 613 323 629 ut
334 610 395 629 nullus
408 616 447 628 eam
461 610 547 629 sufferret
558 612 647 635 aspectus.
673 610 740 628 Postea

200 638 212 646 ¹⁰
220 642 263 654 vero
276 636 350 654 inventa
362 638 390 654 est
402 635 457 654 fovea
469 635 500 654 ssla
512 635 572 660 plena,
583 635 627 654 nihil
635 635 697 654 aliud*
692 641 711 653 m
720 641 739 654 se

219 661 289 679 habens
297 661 331 679 nisi
340 667 418 682 manum
432 667 487 685 quam
495 667 554 685 usque
563 660 617 679 hodie
623 660 681 690 gignit
687 660 739 679 locus

218 686 264 710 ipse,
273 688 291 704 et
296 685 344 704 fiunt
350 686 432 708 virtutes,
438 686 541 704 orationum
550 686 589 710 ejus
598 686 672 707 meritis,
681 692 738 710 quum

220 711 304 729 omnibus
311 710 446 729 infirmitatibus
452 713 470 729 et
477 711 561 735 periculis
565 711 665 729 liberantur
670 717 740 732 omnes,

219 738 238 754 et
244 742 320 760 precum
329 742 402 754 suarum
412 738 551 760 consequuntur
559 735 652 754 effectum.
661 736 726 754 Amen.
