806 1298
189 110 225 129 520
263 110 328 128 Conax
341 110 463 128 Arocnruus
477 110 525 128 Now
539 110 664 129 Tssnuamr.

189 156 285 180 opimamf
311 155 407 174 Occlamat
415 155 491 177 aleator,
500 156 566 174 “Fave
578 156 630 178 diva3
643 161 686 180 pars
694 155 745 174 lucri

189 181 222 199 tibi
229 180 338 199 decidetur?
364 181 395 202 Et,
402 180 416 198 si
423 186 487 205 parum
496 180 557 199 faveat
566 181 611 202 alea,
618 187 648 199 me
655 181 745 199 convitiis

189 205 278 227 lacerant,
297 205 381 229 maleque
401 208 506 230 precantur,
527 211 569 230 quae
591 211 628 224 non
650 205 743 224 adfuerim

190 230 259 249 sceleri.
285 230 387 251 Occlamat,
394 236 436 254 quae
445 230 524 254 quaestui
533 231 582 255 turpi
591 233 649 249 semet
658 231 744 254 exponit,

190 255 237 273 “Da
247 257 358 279 proventum
370 255 451 273 uberem
452 256 461 263 ”
486 255 505 273 Si
517 255 561 278 quid
573 261 644 279 negem,
652 255 701 273 illico
713 261 744 273 re-

191 280 290 301 clamant,‘
291 280 352 304 ‘Ergo
360 285 383 297 ne
390 280 414 298 sis
422 282 481 298 mater
490 279 632 298 misericordiae?
658 280 743 298 Aliorum

192 307 235 323 vota
246 311 284 323 non
296 307 334 323 tam
346 304 401 328 impia
413 307 462 326 sunt,
471 310 527 328 quam
537 304 605 329 inepta.
632 305 718 323 Clamat*
713 310 743 322 m-

192 331 261 354 nupta:
278 329 361 350 “Maria,
370 329 393 347 da
402 329 446 347 mihi
457 328 559 347 fonnosum
569 335 591 347 ac
603 329 678 348 divitem
686 335 744 353 spou-

192 355 248 372 sum?
274 354 346 372 Clamat
363 359 388 372 nu
402 356 432 372 taz
453 354 501 372 “Da
518 354 562 372 mihi
579 354 637 372 bellos
656 354 745 372 catulos?

194 379 266 397 Clamat
272 378 358 403 gravida:
371 381 383 388 “
408 378 468 396 amihi
476 378 549 397 facilem
556 380 644 403 partuum?
670 379 745 397 Clamat

194 410 251 422 anus:
270 403 318 421 “Da
334 403 364 421 diu
379 403 440 421 vivere
455 403 493 421 sine
506 404 550 421 tussi
565 403 645 427 sitique!
671 404 746 422 Clamat

194 434 250 447 senex
264 428 342 446 delirus:
357 430 368 438 ‘⁴
375 428 404 446 Da
416 428 552 452 repubescere-'¹
578 428 649 446 Clamat
663 428 746 452 philoso-

193 453 254 477 phus:
276 455 288 463 “
297 453 326 471 Da
345 453 404 471 nodos
423 453 528 471 insolubiles
548 454 636 471 necteres
671 453 746 471 Clarnat

194 478 279 496 sacerdos
288 485 292 496 :
305 480 317 488 “
324 478 352 496 Da
360 478 482 496 sacerdotium
495 478 591 501 opimum.”
617 478 689 496 Clamat
697 478 746 502 epis-

194 509 264 527 copus:
282 503 357 521 “Serva
372 508 432 520 meam
447 502 556 520 ecclesiam?
588 502 660 520 Clamat
673 505 745 524 nauta;

194 530 206 538 ¹‘
213 527 239 545 Da
258 528 427 551 rosperoscursus.”
447 526 633 551 Clamatpraefectus:
644 527 745 545 “Ostende

195 552 239 570 mihi
255 552 306 570 ilium
315 554 368 569 tuum
375 554 474 575 antequam
482 552 564 569 morias.’¹
591 552 663 570 Clamat
674 552 745 570 aulicus

195 579 206 587 “
213 577 241 595 Da
251 582 293 595 vere
303 576 386 594 confiteri
393 576 410 594 in
420 576 484 594 mortis
492 576 585 594 articulo.”
611 577 683 595 Clamat
691 577 745 594 rusti-

196 607 239 619 cus:
257 603 269 611 “
277 601 305 619 Da
317 601 444 625 tempestivam
458 601 553 625 pluviam?
579 601 651 619 Clamat
664 601 745 620 rustica:

195 629 207 636 “
213 626 270 645 Serva
275 632 348 650 gregem
354 628 373 644 et
378 628 481 644 armentum
486 626 594 644 incolume.”
607 626 625 644 Si
631 626 675 650 quid
680 632 746 648 renuo,

196 651 238 669 ilico
247 657 288 669 sum
297 651 380 669 crudelis.
406 651 424 669 Si
433 651 495 675 relego
504 651 527 669 ad
533 650 599 672 filium,
605 651 671 669 audio:
685 651 746 669 “Vult

196 676 227 694 ille
241 676 330 699 quidquid
344 678 365 694 tu
378 676 419 694 vis-'⁷
445 675 497 694 Itane
511 682 545 700 ego
559 676 598 693 sola
611 678 629 693 et
643 675 714 697 mulier,
726 678 746 694 et

197 701 255 725 virgo,
275 700 324 718 dabo
344 706 419 724 operam
439 700 572 724 navigantibus,
591 700 746 725 belligerantibus,

197 725 338 749 negotiantibus,
349 725 454 743 ludentibus
466 725 530 746 aleam,
542 725 657 747 nubentibus,
669 725 747 749 parturi-

197 750 276 772 entibus,
290 750 372 779 satrapis,
386 750 459 774 regibus
474 751 493 767 et
507 750 604 774 agricolis?
624 750 708 774 Atquiq
709 750 747 768 uod

198 775 242 796 dixi,
259 775 355 793 minimum
372 777 400 793 est
417 781 462 803 prae
473 774 500 792 his
518 780 560 798 quae
577 774 641 799 patior.
667 775 703 793 Sed
718 775 746 793 his

198 800 276 824 negotiis
292 806 341 818 nunc
359 799 418 818 multo
439 799 498 817 minus
515 805 593 823 gravor:
616 805 652 823 quo
673 799 746 823 quidem

199 825 273 843 nornine
283 824 314 842 tibi
323 825 389 848 gratias
398 830 470 852 agerem
480 824 574 845 maximas,
583 824 617 842 nisi
629 824 746 842 commodum

198 849 234 868 hoc
251 849 388 867 incommodum
405 848 464 873 majus
478 855 540 867 secum
554 849 646 867 traheret:
664 849 706 873 plus
719 851 745 867 est

199 875 237 896 otii,
246 874 279 892 sed
290 874 350 892 minus
359 876 386 891 est
397 873 495 895 honorum,
504 874 564 891 minus
573 876 601 892 est
610 879 671 898 opum.
697 874 745 892 Ante

199 899 302 917 salutabar:
314 898 402 922 “Regina
409 898 504 920 coelorum,
511 898 590 916 Domina
597 898 682 916 mundi:'
683 899 746 917 ’nunc

199 924 229 942 vix
243 930 254 941 a
267 923 330 947 paucis
347 923 408 944 audio,
422 923 477 941 “Ave
493 923 567 941 Marial'
594 923 642 941 Ante
658 923 746 941 vestiebar

200 949 276 973 gemmis
285 950 304 966 et
312 954 363 970 auro,
372 947 488 966 abundabam
499 948 608 969 mutatoriis,
617 947 746 966 deferebantur

199 979 255 991 aurea
263 979 384 997 gemmeaque
393 972 480 991 donaria:
493 979 543 991 nunc
552 973 582 991 vix
591 975 644 997 tegor
653 972 745 991 dimidiato

199 998 281 1023 palliolo,
289 1004 348 1021 eoque
360 1004 434 1016 corroso
446 1004 457 1016 a
465 998 552 1016 muribus.
576 997 678 1016 Proventus
686 999 746 1016 autem
