806 1298
129 120 164 131 xvi.
187 115 272 131 annm
284 120 304 131 ns
316 120 349 131 scr.
361 120 394 131 m.
406 120 426 131 rt
436 119 482 131 nm..
493 120 545 134 aroer,
586 115 617 131 491

70 157 113 176 Hoc
127 158 156 176 isti
169 158 213 176 dum
226 157 287 176 facere
300 164 338 176 non
350 158 450 182 potuerint,
463 158 549 182 probabis
562 163 594 176 eus

69 183 152 201 homines
165 189 204 201 esse
217 183 326 207 imperitos.·’
352 183 402 201 Nero
415 185 478 201 autem
486 183 510 201 ad
519 183 594 201 Petrum

69 208 121 229 dixit,
134 207 224 226 “Audisti
237 208 291 226 Petre
304 207 349 232 quid
361 208 424 226 Simon
438 208 510 229 dixerit,
522 214 546 226 ex
558 208 594 226 hoc

69 233 164 257 apparebit
176 235 265 257 quantam
280 233 366 251 virtutem
380 233 452 254 habeat,
466 233 494 251 vel
506 233 552 257 ipse,
565 233 594 251 vel

69 258 119 276 Deus
135 259 192 276 tuusl'
218 257 283 276 Petrus
296 258 320 276 acl
332 257 372 276 haec
386 257 486 282 respondit,
500 260 511 267 ‘¹
519 258 592 282 Optime
600 260 605 268 ⁴

69 282 179 307 Imperator,
192 283 206 300 si
220 282 282 304 velles,
295 285 369 307 poteras
381 282 482 306 intelligere
491 288 540 304 eum,
549 282 593 306 quia

68 307 161 325 diemonio
192 307 245 325 lenus
267 308 309 325 est.'’
335 307 385 325 Nero
413 308 516 331 Imperator
541 307 592 328 dixit,

68 334 80 342 “
87 332 137 352 Quid
154 332 179 350 mi
193 332 198 350 i
217 332 314 350 verborum
329 332 422 356 ambigere
435 332 521 352 circuitus
534 331 594 350 facis?

68 357 159 375 crastinus
167 357 205 375 dies
213 363 245 375 vos
251 357 351 381 probabit!
369 357 433 375 Simon
439 357 491 378 dixit,
504 359 515 367 “
523 357 593 378 Credis,

67 382 117 400 boue
125 382 230 406 imperator,
243 382 287 406 quia
300 382 366 406 Magus
379 388 427 403 sum,
440 388 497 406 quum
507 384 592 400 mortuus
600 384 612 392 “

67 406 140 428 fuerim,
145 409 164 425 et
169 407 298 425 resurrexerim
303 407 319 425 Γ
325 409 387 430 egerat
391 407 439 425 enim
442 406 524 431 perfidus
530 407 593 425 Simon

68 432 161 456 praestigio
174 438 207 450 suo
221 434 242 450 ut
255 431 324 450 diceret
337 431 414 453 Neroni,
426 434 438 442 ‘¹
445 431 493 450 Jube
505 431 592 450 decollari

68 462 98 474 rne
106 457 125 475 in
135 457 220 478 obscuro,
229 459 248 474 et
256 456 323 475 ibidem
332 456 397 474 dimitti
406 457 494 478 occisum,
503 458 522 474 et
531 456 545 474 si
554 462 592 474 non

67 481 122 499 tertia
130 481 159 501 die
172 487 294 503 resurrexero,
307 481 353 499 scias
366 487 396 499 me
409 487 483 505 magum
496 481 564 502 fuisse;
578 481 593 499 si

67 509 130 524 autern
143 512 266 527 resurrexero,
279 506 325 524 scias
338 512 367 524 me
376 512 416 524 esse
424 506 483 524 filium
493 506 542 524 Dei-⁷⁷
567 506 592 524 Et
600 508 611 516 '¹

67 537 126 555 quum
139 531 175 549 huc
188 531 228 549 fieri
238 531 322 554 jussisset
334 531 384 549 Nero
393 531 412 549 in
422 531 507 552 obscuro,
516 531 553 554 egit
561 530 592 548 ille

67 558 107 574 arte
115 556 187 579 magica
199 558 220 574 ut
233 556 279 574 aries
288 555 417 577 decollaretur,
426 556 457 580 qui
466 555 512 573 aries
521 555 593 573 tamdiu

67 581 130 599 Simon
140 581 188 599 visus
195 583 229 602 est,
234 580 322 604 quamdiu
330 580 457 598 decollaretur.
485 580 592 598 Decollatus

67 608 129 624 autem
142 606 162 624 in
175 605 260 627 obscuro,
273 611 331 629 quum
344 608 436 623 scrutatus
448 604 512 623 fuisset
530 605 551 626 is,
560 605 591 629 qui

66 636 109 649 eum
118 630 247 652 decollaverat,
252 632 271 648 et
277 633 332 654 caput
338 630 377 654 ejus
382 630 485 654 pertulisset
492 630 515 648 ad
520 630 589 651 lumen,
597 633 609 640 ¹·

66 656 136 674 invenit
149 658 205 680 caput
223 655 346 676 vervicinum;
366 655 399 673 sed
416 655 460 673 nihil
478 655 536 673 voluit
553 655 592 679 regi

66 681 132 702 dicere,
141 686 165 698 ne
174 686 193 698 se
201 681 262 704 ipsum
270 680 370 704 detegeret,
377 680 409 704 qui
412 679 474 704 jussus
485 679 545 698 fuerat
555 679 591 697 hoc

65 706 85 724 in
93 705 159 724 abditis
168 707 278 729 perpetrare.
305 705 354 723 Hinc
363 710 407 729 ergo
416 704 489 722 dicebat
494 704 564 726 Simon,
571 710 590 722 se

66 730 95 749 die
101 730 155 749 tertia
159 730 276 751 resurrexise,
282 730 325 754 quia
330 732 391 754 caput,
400 732 419 747 et
424 729 506 747 membra
514 729 590 748 vervieis

65 755 139 777 tulerat,
152 755 225 779 sanguis
238 761 282 773 vero
290 754 357 773 ibidem
366 754 501 778 congelaverat,
509 756 528 772 et
536 754 590 772 tertia
597 756 609 764 ¹⁸

66 780 95 799 die
108 780 188 798 ostendit
201 786 220 798 se
232 780 308 801 Neroni,
321 782 340 797 et
352 779 404 800 dixit,
418 779 474 797 “Fac
483 778 591 802 sanguinem

65 811 134 827 meum,
144 805 175 829 qui
184 804 254 823 effusus
263 807 297 825 est,
306 804 382 828 extergi,
387 804 432 827 quia
436 809 486 825 ecce,
492 803 523 827 qui
529 803 591 821 decol-

65 830 113 848 latus
130 829 208 851 fueram,
229 829 277 848 sicut
289 829 363 853 promisi
376 828 405 847 die
418 829 472 846 tertia
484 828 590 846 resurrexi.’¹

65 855 129 875 Quum
135 860 178 879 ergo
184 854 259 873 dixisset
265 854 283 872 N
284 860 322 875 ero,
326 854 415 872 crastinus
419 853 456 871 dies
461 859 493 871 vus
498 853 589 877 probabit.

65 882 110 898 tunc
124 885 223 898 conversus
235 879 259 897 ad
272 879 351 897 Paulum
364 879 395 900 ait,
408 878 455 896 “Tu
467 878 523 896 Paule
532 880 608 902 quare'⁸

65 905 110 923 nihil
118 905 205 928 loqueris,
218 906 250 922 aut
263 904 304 928 quis
312 906 331 921 te
340 903 409 924 docuit,
419 906 451 921 aut
460 909 515 927 quem
523 903 590 926 mag-is-

65 932 114 948 trum
126 929 210 951 habuisti,
223 931 255 947 aut
268 928 346 952 qualiter
358 928 377 946 in
391 927 493 946 civitatibus
505 927 589 949 docuisti,

67 954 96 973 vel
109 954 172 978 quales
185 954 286 972 extiterunt
299 959 332 977 per
345 955 396 971 tuam
410 953 528 971 doctrinam?
542 952 590 970 Puto

65 980 114 998 enim
127 979 197 997 nullam
210 981 229 997 te
242 978 309 996 habere
323 978 436 1002 sapientiam,
453 983 487 995 nec
503 977 589 995 virtutem

65 1005 146 1028 aliquam
155 1010 208 1028 posse
217 1003 321 1028 periicere.”
334 1002 363 1021 Ad
368 1003 409 1021 haec
416 1002 484 1020 Paulus
490 1002 591 1026 respondit,
598 1004 609 1012 ¹¹
